2760 4808
551 366 651 420 Liber
672 364 693 418 I.
1135 367 1181 433 45

64 542 104 608 ad
126 540 204 606 caeli
225 539 390 615 sustollitis
412 538 520 616 sidera,
544 538 809 621 bybliothecarum
830 538 977 619 reponitis
999 538 1033 602 in
1049 538 1178 616 arcanis,

65 643 225 726 quadrigis
247 643 279 708 et
299 641 412 708 statuis
432 641 637 706 muneremini
652 643 684 705 et
697 641 846 722 qnantum
863 642 910 705 est
929 641 961 705 iu
982 640 1070 707 uobie
1092 641 1179 705 uelut
1294 681 1297 687 -

64 745 198 828 quadam
212 746 393 811 aeternitate
408 745 527 810 donatis
540 743 751 809 inmortalium
766 743 983 809 testificatione
996 745 1177 811 titulorum:
1351 724 1357 739 ’

64 850 165 915 solum
180 848 337 915 Christum
358 848 539 931 conpellarq
563 836 737 926 dilacerare,
759 848 887 930 potestis
903 849 929 913 si
945 847 1046 927 deum,
1069 847 1178 924 uultis,

39 953 160 1018 simmo
181 953 282 1017 solum
304 951 331 1016 si
353 951 445 1016 liceat
467 951 627 1015 beluarum
649 950 820 1034 agrestium
841 951 906 1014 ritu
928 951 1061 1015 cruentis
1074 951 1178 1014 oribus

63 1039 218 1139 1111111111,1
233 1054 430 1121 comminutis
445 1074 516 1119 oum
530 1054 650 1119 ossibus
665 1056 868 1129 transuorare.
900 1053 1051 1136 quoduam
1069 1071 1178 1137 quaeso

63 1158 102 1223 ob
133 1157 281 1224 meritum
313 1157 419 1235 dicite,
453 1158 539 1222 cuius
570 1157 607 1222 ob
639 1157 756 1241 peccati
788 1157 932 1240 culpam?
968 1157 1041 1238 quid
1074 1157 1127 1222 ab>
1143 1176 1178 1222 eo

64 1261 251 1331 mumiseum
273 1262 336 1341 est,
363 1260 444 1343 quod
472 1262 611 1325 tenorem
633 1260 803 1326 inflecteret
825 1261 902 1325 recti
924 1261 955 1324 et
976 1260 1009 1325 in
1032 1260 1101 1324 odia
1123 1276 1177 1324 uos
1223 1304 1225 1309 ·

64 1383 171 1448 aspera
183 1365 348 1431 furialibus
362 1365 499 1430 stimulis
515 1364 703 1431 concitaret?
724 1366 797 1447 quia
817 1365 991 1430 animarum
1005 1366 1178 1430 uestrarum

24 1498 56 1537 10
64 1467 222 1534 custodem
244 1486 276 1532 se
298 1468 429 1533 missum
451 1469 515 1540 solo
538 1467 689 1534 indicauit
710 1467 749 1532 ab
772 1486 852 1553 rege,
876 1470 948 1551 quia
961 1468 1049 1533 uobis
1063 1469 1177 1532 inmor-

62 1573 220 1639 talitatem
241 1574 328 1651 ferre,
352 1592 445 1656 quam
468 1592 522 1638 uos
537 1575 649 1640 habere
670 1573 825 1639 confiditis
848 1574 990 1639 humanis
1011 1592 1183 1656 paucorum·

62 1676 343 1763 adseuerationibus
376 1676 481 1742 suasi?
513 1676 623 1759 quodsi
656 1677 737 1741 esset
763 1678 845 1760 apud
871 1695 926 1741 uos
954 1678 1073 1741 eertum
1099 1675 1178 1741 falsa

61 1780 156 1844 illum
183 1779 297 1858 dicere,
331 1798 400 1861 spes
427 1780 523 1845 etiem
551 1780 734 1845 uanissimas
756 1780 912 1862 polliceri,
946 1798 1001 1845 nec
1023 1779 1068 1845 sic
1089 1778 1178 1843 uideo

61 1881 158 1946 fuisse
178 1900 316 1962 caueam,
349 1901 402 1946 cur
424 1902 494 1947 eum
517 1882 668 1948 deberetis
690 1883 804 1962 odisee,
833 1903 888 1948 cur
909 1883 1015 1948 hostili
1037 1881 1177 1947 11111111-

26 1984 202 2050 uuersione
228 1983 388 2065 damnare,
420 1985 517 2049 immo
539 1985 566 2048 si
594 1985 716 2052 animus
745 1986 833 2051 uobis
856 1988 989 2051 clemens
1012 1985 1177 2050 1111111111

60 2087 166 2168 mitis,
198 2087 250 2152 uel
269 2086 392 2171 propter
413 2087 447 2151 id
468 2089 570 2153 solum
596 2108 667 2153 eum
693 2089 843 2154 deberetis
869 2088 873 2173 l
900 2090 1060 2172 amplecti,
1095 2089 1261 2170 quodque»

60 2190 212 2274 optabilia
241 2190 331 2256 uobis
362 2190 523 2273 sponderet
556 2192 587 2255 et
614 2210 767 2275 prospera,
800 2192 881 2274 quod
912 2194 1061 2257 bonarum
1095 2191 1176 2255 esset

60 2291 189 2358 nuntius
210 2311 322 2369 rerum,
348 2292 428 2374 quod
450 2311 484 2358 ea
505 2293 693 2376 praedicaret
714 2313 791 2376 quae
813 2293 927 2359 nullius
950 2295 1089 2359 animum
1111 2294 1175 2358 lae·

33 2400 41 2408 '
61 2396 177 2474 dorent,
200 2395 358 2460 securioris
372 2396 543 2478 quinimmo
559 2397 776 2479 expectationis
791 2397 963 2479 implerent.
987 2417 1004 2462 1
1017 2397 1176 2482 ingratum
1185 2398 1227 2460 ot

28 2499 94 2562 net
113 2498 245 2579 impium
266 2499 438 2578 saeculum,
461 2517 478 2562 o
501 2500 535 2564 in
555 2500 710 2582 priuatam
732 2501 899 2582 perniciem
917 2500 1090 2566 incredibili
1105 2518 1176 2583 pec·

61 2601 137 2666 toris
159 2600 360 2667 obstinatione
381 2606 535 2684 paratum.
558 2603 586 2667 ei
608 2603 719 2685 aliquis
741 2604 780 2669 ad
801 2621 855 2695 uos
877 2604 1013 2669 medicus
1035 2622 1070 2668 er
1090 2623 1176 2669 sum·

64 2703 155 2770 motis
167 2706 301 2770 uenisset
316 2705 347 2769 et
360 2725 528 2788 numquam
542 2706 631 2772 uobis
649 2707 824 2790 regionibus
840 2707 972 2792 cognitis
987 2707 1176 2772 medicamen

63 2808 208 2888 pollicens
235 2808 298 2873 tale
331 2809 411 2890 quod
433 2828 452 2873 a
472 2809 584 2874 uestris
612 2810 788 2891 corporibus
815 2809 919 2875 omnia
951 2810 1074 2875 omnino
1104 2826 1176 2892 pro·

66 2910 180 2978 biberet
202 2911 377 2977 morborum
398 2913 430 2978 et
450 2912 663 2978 ualetudinum
686 2932 823 2997 genera:¹
835 2931 895 2978 non
913 2914 1055 2978 certatim
1071 2929 1175 2977 omnes

42 3016 273 3093 remuneretis,
305 3034 365 3080 non
397 3015 559 3082 blanditiis
592 3017 735 3081 omnibus
766 3018 858 3099 atque
886 3016 1052 3081 honoribus
1074 3015 1175 3079 fotum

63 3118 228 3184 familiaria
250 3119 443 3202 susciperetis
465 3120 497 3183 in
519 3119 650 3198 moenia,
674 3138 735 3185 non
756 3121 836 3198 illud
850 3119 1063 3185 medicaminis
1078 3135 1175 3200 genus

57 3222 208 3307 optaretis
240 3240 304 3286 1111
335 3223 558 3305 certissimum,
591 3241 651 3288 non
684 3243 809 3301 uerum,
842 3222 923 3304 quod
944 3223 1098 3287 immunes
1120 3236 1176 3283 uos

55 3324 124 3390 fore
146 3325 186 3392 ab
209 3325 273 3389 tam
293 3324 463 3388 innumeris
478 3325 690 3391 uexationibus
705 3344 867 3409 corporum
881 3344 978 3407 usque
993 3325 1032 3389 ad
1047 3324 1177 3388 ultimos

53 3427 136 3492 fines
158 3427 318 3510 sponderet
339 3427 471 3493 aetatis?
504 3429 535 3493 et
556 3428 630 3493 licet
643 3429 798 3513 ambigua
827 3447 874 3494 111
902 3430 998 3508 esset,
1031 3420 1175 3493 e'ommit-

98 3700 112 3752 1
128 3697 338 3771 bybliotccarum
355 3698 383 3751 P
515 3697 534 3751 4
556 3697 702 3752 conuellere
725 3697 777 3752 Ure
912 3698 1067 3753 dilacereare
1084 3698 1112 3751 P

60 3783 202 3838 dilacerare
213 3783 332 3852 potestis.
347 3784 370 3836 si
382 3782 460 3837 deum
473 3784 543 3838 sao:
556 3784 675 3838 correcti
687 3783 762 3837 Saluo
831 3785 848 3838 5
861 3784 996 3838 uolucrum
1008 3784 1036 3836 P
1047 3799 1108 3837 corr

59 3869 149 3924 ecum
159 3870 305 3926 manses
395 3868 482 3937 aquic
495 3870 524 3922 r>
612 3855 771 3923 11111111
784 3869 811 3922 r>
895 3868 1109 3923 conuenae

63 3953 100 4006 119
114 3955 308 4010 saecurioresP
407 3954 547 4023 implerent
563 3956 676 4023 scripsi.-
702 3955 827 4024 impleret
844 3956 872 4008 P
973 3955 1007 4008 20
1024 3953 1175 4009 incredibili

72 4036 131 4094 dab:
151 4041 303 4096 incredibile
320 4041 348 4094 P
478 4040 653 4109 mperatum
675 4041 743 4095 Ure.-
772 4040 907 4109 priuatum
924 4041 951 4094 P
973 4057 1084 4110 pronum
1111 4040 1176 4095 aa:

71 4120 186 4182 11111111
207 4129 316 4199 aquare
338 4128 439 4182 mauolt
461 4127 575 4182 Zialrius
676 4126 846 4196 napolucen·
859 4127 886 4181 P
986 4127 1067 4195 ileq.
1086 4142 1175 4180 omnes

80 4215 297 4269 maurecenos
309 4213 418 4269 omdob
511 4213 686 4268 adblandiens
699 4214 824 4267 Pcorrc
918 4213 1108 4282 28apPeorr

81 4289 186 4354 inomaus
205 4301 232 4356 P
249 4315 310 4356 corr
327 4317 351 4367 1ι
