2760 4808
196 297 239 362 42
499 291 642 347 Arnobii
666 292 825 347 aduersus
850 291 1005 345 nationes

197 467 376 533 mortalium
409 465 509 549 quiret
543 485 614 529 eum
646 465 763 544 uidere,
797 465 866 547 quis
888 482 1022 542 cernere,
1055 465 1198 530 sitalem
1219 467 1316 531 uoln-

197 568 271 633 isset
303 567 415 632 inferre
451 586 483 632 so
516 567 605 633 terris
638 568 738 649 qualis
771 567 799 631 ei
831 567 1014 651 primigenia
1051 568 1161 633 natura
1196 572 1244 632 est
1280 572 1313 634 et

198 672 320 753 qualem
342 690 374 737 se
399 671 520 752 ipsein
548 690 603 735 sno
630 690 695 737 esse
722 672 823 737 uoluit
845 671 896 735 uel
919 672 1069 752 qualitate
1090 672 1141 735 uel
1162 671 1313 736 numine?

198 772 370 856 adsumpsit
391 774 488 858 igitur
508 774 641 838 hominis
663 774 793 840 formam
817 777 847 838 et
869 775 925 839 sub
949 775 1045 838 nostri
1060 775 1180 859 generis
1196 773 1313 838 simili-

196 875 302 941 tudino
322 876 490 960 potentiam
511 895 598 943 suam
620 878 739 955 clausit,
762 881 798 942 ut
820 883 850 943 et
870 878 968 942 uideri
989 881 1092 960 posset
1115 882 1146 943 et
1168 878 1313 961 conspici,
1336 901 1349 939 s

198 980 291 1044 uerba
322 980 434 1047 faceret
466 984 497 1044 et
529 980 647 1046 doceret
683 986 774 1065 atque
806 984 906 1047 omnis
940 984 1136 1064 exequeretur
1172 999 1220 1046 res
1259 999 1312 1045 eas

113 1093 131 1147 f.
142 1095 188 1152 241,
196 1084 320 1166 propter
341 1103 415 1166 quas
441 1082 445 1169 Ι
469 1085 501 1148 in
524 1086 674 1150 mundum
696 1090 821 1151 uenerat
843 1085 995 1152 faciendas
1018 1085 1133 1149 summi
1152 1085 1235 1168 regis
1249 1083 1312 1147 im-

147 1190 183 1252 ol
197 1187 280 1269 perio
303 1190 333 1252 et
362 1188 561 1271 dispositione
589 1191 728 1253 seruatis.
765 1190 839 1271 quid
862 1189 960 1266 enim,
983 1188 1073 1266 dicit,
1097 1205 1149 1251 rer
1170 1205 1313 1250 summus

63 1294 64 1299 ’
197 1308 330 1371 eaquae
352 1290 518 1356 inmundo
540 1290 680 1357 facienda
705 1310 770 1357 esse
797 1292 974 1357 decreuerat
997 1292 1063 1355 sine
1077 1289 1200 1354 homins
1214 1289 1313 1355 simu·

196 1395 260 1458 lato
282 1410 340 1458 non
363 1393 471 1474 quibat
493 1392 632 1459 efficere?
672 1395 699 1458 si
722 1397 874 1477 oporteret
895 1396 941 1459 ita
962 1394 1028 1459 fieri
1051 1392 1310 1476 quemadmodum
1323 1414 1350 1454 ro

197 1496 313 1570 dicitis,
345 1495 391 1560 ita
418 1495 545 1561 fortasse
573 1495 710 1574 fecisset3
744 1498 816 1581 quia
848 1517 907 1562 non
936 1497 1085 1581 oportuit,
1114 1495 1206 1560 aliter
1227 1496 1311 1560 fecit.

197 1615 290 1679 quare
304 1599 364 1662 isto
380 1599 477 1663 uoluit
493 1601 524 1663 et
538 1599 593 1663 illo
608 1619 717 1683 genere
733 1602 840 1678 noluit,
859 1602 959 1666 latent
975 1601 1091 1684 [aliter]
1108 1599 1266 1663 inuolutoe
1281 1599 1313 1663 et

197 1701 249 1764 uix
260 1700 333 1764 ullis
347 1702 630 1784 comprehensibiles
644 1723 758 1783 causae,
775 1723 849 1786 quas
862 1705 996 1787 accipere
1008 1704 1136 1768 fortasse
1150 1702 1312 1784 potuisses,

197 1803 224 1866 si
247 1820 307 1866 non
330 1822 410 1870 esses
431 1805 612 1869 iamdudum
634 1807 673 1871 ad
695 1825 755 1870 non
778 1808 988 1889 accipiendum
1016 1808 1140 1887 paratus
1169 1807 1199 1868 et
1226 1805 1313 1886 prius

198 1909 229 1970 te
251 1905 397 1973 formares
419 1910 456 1973 ad
489 1927 549 1974 non
576 1912 716 1975 credendi
743 1911 874 1976 frontem
908 1930 1002 1992 quam
1028 1910 1086 1974 tibi
1109 1910 1194 1992 esset
1222 1927 1351 1991 expo-1⁵

148 2009 294 2074 obsitum
320 2011 352 2074 id
384 2012 463 2094 quod
492 2013 613 2078 nouisse
641 2017 731 2096 atque
759 2015 863 2078 audire
886 2015 1047 2097 conquiris.
1086 2012 1137 2076 sed
1151 2029 1244 2091 'more
1268 2014 1313 2075 est

197 2113 329 2180 hominis
351 2115 563 2199 interemptus.
601 2136 660 2183 non
682 2119 764 2199 ipse:
788 2138 884 2202 neque
907 2119 989 2183 enim
1010 2118 1116 2182 cadere
1138 2116 1259 2180 diuinas
1279 2117 1315 2179 iu

197 2235 246 2280 res
268 2221 370 2300 potest
392 2220 499 2285 mortis
523 2238 644 2286 occasus
667 2240 723 2286 neo
745 2222 932 2286 interitionis
954 2221 1154 2286 dissolutione
1169 2219 1266 2284 dilabi
1281 2218 1315 2282 id

198 2321 277 2403 quod
301 2325 348 2385 est
370 2341 465 2386 unum
488 2330 517 2386 et
539 2324 668 2406 simplex
690 2343 745 2389 neo
766 2325 900 2389 ullarum
923 2325 1059 2406 partium
1080 2323 1316 2405 congregatione

198 2426 388 2507 conpactum.
412 2426 480 2506 quis
502 2429 548 2490 est
571 2445 642 2510 ergo
665 2427 751 2491 uisus
773 2428 806 2491 in
827 2427 967 2508 patibulo
982 2427 1122 2509 pendere,
1146 2426 1215 2507 quis
1230 2443 1352 2489 mor-ao

198 2526 293 2591 tuus?
332 2527 422 2591 homo
444 2545 536 2609 quem
557 2529 699 2594 induerat
721 2531 752 2593 et
775 2549 879 2594 secum
906 2530 971 2612 ipse
993 2529 1143 2612 portabat.
1181 2527 1315 2592 incredi-

198 2629 261 2694 bile
283 2630 366 2694 dictu
389 2633 435 2695 est
458 2632 488 2694 et
511 2632 608 2707 oaeois
629 2632 868 2698 obscuritatibus
890 2633 1074 2697 inuolutum.
1099 2632 1125 2696 si
1141 2630 1232 2710 uelis,
1255 2648 1316 2695 non

198 2742 323 2797 oaeoum'
342 2737 388 2797 est
410 2737 440 2798 et
462 2734 665 2800 similitudine
691 2737 828 2817 proxima
855 2736 1065 2800 constitutum.
1103 2735 1211 2817 siquo
1235 2737 1316 2798 tem·

97 2832 99 2838 ’
198 2855 269 2918 pore
291 2835 409 2919 Sibylla
430 2839 604 2921 praesagia,
627 2839 749 2904 oracula
769 2840 826 2904 illa
849 2839 1026 2921 depromens
1053 2838 1202 2903 fundebat
1224 2839 1258 2902 ui
1279 2841 1315 2901 nt

197 2939 301 3004 dicitis
323 2939 477 3022 Apollinis
499 2941 598 3023 plena,
621 2942 660 3007 ab
682 2943 786 3026 impiis
808 2949 888 3007 esset
911 2961 997 3007 caesa
1018 2947 1109 3025 atque
1130 2942 1349 3023 interemptas

232 3281 247 3334 1
266 3280 312 3348 qui
330 3283 422 3347 queret
439 3296 453 3334 c
469 3281 515 3349 qni
532 3286 653 3350 quereret
670 3283 700 3348 ε’,
719 3281 774 3336 Sub
888 3285 905 3334 2
922 3281 1032 3336 inferres
1051 3282 1079 3335 P
1191 3282 1208 3336 3
1226 3282 1314 3337 uoluit

198 3365 241 3419 oet
257 3365 333 3418 nouit
355 3366 421 3419 Urs:
446 3366 533 3420 noluit
551 3368 578 3420 P
713 3368 729 3421 6
748 3367 831 3436 sdqns
849 3369 876 3421 P
893 3383 955 3421 corr
1089 3368 1105 3421 ῖ
1124 3383 1202 3436 qnos*
1221 3369 1249 3422 P

198 3452 214 3505 8
232 3451 344 3505 seruatis
364 3450 428 3505 ceo:
449 3455 579 3506 'seruatus
597 3453 626 3506 P
739 3453 820 3507 dicite
839 3453 893 3506 Sob
911 3452 1001 3506 dicitis
1021 3453 1072 3508 Get
1185 3453 1202 3507 9
1219 3469 1271 3523 que
1289 3455 1317 3508 P

198 3553 259 3592 corr
276 3541 298 3591 ε’
412 3538 444 3591 11
463 3539 517 3591 ista
535 3539 589 3592 Sat
708 3539 795 3592 latent
814 3539 911 3608 [aliter]
930 3539 1124 3606 Hoffmoaoos
1142 3545 1168 3593 et
1185 3539 1315 3608 Rapina:

129 3655 132 3658 >
198 3627 283 3680 latent
295 3624 373 3677 aliter
384 3625 412 3678 P
427 3625 544 3679 latenter
556 3626 611 3679 Sat
624 3625 711 3679 latent
722 3625 815 3679 taliter
825 3625 966 3679 Menos-ios
983 3626 1070 3680 latent
1081 3626 1202 3679 fataliter
1214 3625 1314 3679 Kloss-

197 3727 316 3766 moomos
410 3711 443 3766 12
455 3711 506 3764 ulli
522 3711 572 3764 Get
674 3714 795 3779 potusses
812 3712 945 3765 Pcorrc⁴
1049 3712 1082 3765 16
1099 3710 1315 3765 nouisseHitde·

198 3798 344 3854 brooedius:
362 3813 414 3850 non
431 3813 486 3850 esse
503 3798 531 3850 P
547 3812 625 3850 nosse
647 3797 697 3850 θεῖ
799 3797 884 3866 adque
895 3800 992 3851 Pcorr
1094 3796 1226 3866 conquiris
1250 3797 1323 3851 Urs.-

198 3884 402 3952 oonquireresP
495 3882 661 3936 20mortnus
674 3885 715 3936 est
728 3884 783 3936 Sub
886 3884 921 3937 22
933 3883 1006 3938 dictu
1024 3884 1089 3938 Urs:
1107 3884 1249 3937 dictumP

198 3969 232 4022 23
250 3968 426 4022 similitudine
442 3968 561 4036 proxima
578 3968 668 4021 Sabo.-
686 3968 864 4022 similitudine
882 3969 1001 4037 proximo
1019 3971 1047 4023 P
1064 3967 1239 4023 similitudini
1256 3985 1331 4038 pro-

199 4053 267 4106 xime
285 4054 339 4108 Sab
440 4052 475 4107 24
492 4052 590 4122 sybilla
608 4055 636 4108 P
736 4052 840 4122 Sibylla
858 4070 992 4124 praesaga,
1010 4055 1116 4109 oraculo
1135 4054 1186 4109 θεῖ
1204 4053 1314 4124 Sibylla.

200 4156 328 4211 praesaga
346 4141 451 4194 oracula
470 4141 545 4194 Solm
