2760 4808
182 363 226 430 48
485 361 630 416 Arnobii
654 363 817 419 aduersus
838 362 994 417 nationes

183 537 288 601 culum
310 532 509 620 ignorationis
531 532 667 598 amouit?
694 533 747 615 qui
769 533 796 597 si
818 533 928 616 dignus
958 552 1017 599 non
1040 535 1131 612 esset,
1154 535 1205 599 oni
1228 554 1305 600 sus-

182 639 298 704 cnlture
314 637 463 703 deberetis
478 636 509 699 et
524 637 653 713 credere,
677 637 728 700 uel
743 636 800 701 hoc
820 637 886 719 ipso
901 636 1002 702 fueret
1018 655 1077 702 non
1091 639 1303 719 aspernandus

182 742 326 819 euobis,
356 739 436 822 quod
463 739 609 803 salutaria
631 739 719 803 uobis
741 739 928 817 ostenderet,
957 739 1037 821 quod
1062 741 1128 805 nias
1151 741 1239 807 uobis
1261 743 1303 806 ad

182 845 301 909 caelum
323 844 354 907 et
375 847 448 907 nota
469 842 714 906 immortalitatis
737 843 900 924 apertaret.
937 843 970 907 st
991 844 1074 907 euim
1096 844 1164 909 odio
1186 844 1302 927 dignus

182 948 245 1025 est,
274 946 354 1028 quod
376 965 412 1010 er
434 946 505 1009 orbe
527 945 690 1028 religiones
712 946 845 1027 expulit,
868 945 948 1028 quod
971 947 1009 1010 ad
1031 947 1157 1011 deorum
1178 948 1302 1013 cultum
1324 973 1337 1011 s

181 1050 338 1132 prohibuit
360 1047 471 1113 accedi.
508 1065 618 1132 ergone
645 1049 700 1113 ille
721 1049 878 1131 religionis
900 1049 1052 1114 extinctor
1074 1052 1105 1115 ot
1126 1051 1302 1134 impietatis

181 1156 287 1217 auctor
313 1152 468 1235 arguitur,
503 1152 555 1232 qui
584 1171 690 1216 ueram
716 1153 748 1215 in
776 1153 847 1216 orbe
872 1153 1053 1236 religionem
1074 1154 1211 1232 induxit,
1245 1156 1301 1236 qui

180 1443 234 1497 tior
257 1444 288 1497 in
312 1459 367 1513 mg:
397 1440 587 1510 Transpositio.
618 1441 655 1494 ael
683 1441 767 1495 uerba
791 1442 904 1510 quadarn
934 1442 1071 1496 dulcedine
1096 1446 1176 1513 atque
1201 1461 1301 1498 manus
1367 1470 1370 1475 “

181 1531 239 1583 ulia
255 1528 403 1592 recentior,
431 1543 532 1595 quaer
550 1525 744 1589 esseuidctur,
772 1527 881 1595 scripsit
903 1524 974 1582 Haeo
1000 1527 1095 1582 desunt
1116 1529 1145 1582 in
1163 1529 1300 1598 impressis

179 1616 308 1670 hactenus
331 1612 470 1667 codicibus.
496 1612 589 1666 eudem
605 1617 710 1666 rectum
726 1613 786 1679 fere
803 1611 925 1666 udinem
945 1613 1096 1668 indicauit:
1123 1615 1189 1669 uide
1210 1616 1300 1684 infra.

173 1707 310 1770 postremo
327 1701 410 1755 tertia
426 1715 522 1754 mansus
539 1699 673 1754 recentior
685 1698 794 1752 addidit
806 1699 833 1767 ss
846 1715 876 1752 er
887 1698 960 1754 libr
976 1701 1196 1768 transpositionis
1213 1719 1232 1755 a
1248 1701 1301 1756 Ge·

177 1787 249 1842 lenio
261 1792 286 1840 et
304 1786 402 1840 Ursino
412 1786 503 1851 factes
514 1785 621 1838 ratione
637 1785 736 1855 imbuta.
755 1785 801 1839 ille
818 1785 889 1838 enirn
905 1785 991 1839 uerba
1001 1787 1030 1839 et
1042 1786 1114 1839 enim
1127 1785 1186 1840 odio
1198 1787 1302 1856 dignus

178 1876 220 1928 est
236 1898 274 1934 en
292 1873 398 1942 (deletis
414 1872 505 1926 uerbis
522 1871 551 1925 in
568 1874 676 1926 cunctos
697 1871 785 1926 lumen
806 1871 1035 1940 praetenderit-
1053 1876 1118 1926 uota
1139 1874 1301 1930 immortali·

151 1961 243 2014 ·tetis
278 1961 394 2029 optaret)
424 1990 456 1998 -
485 1959 598 2028 quadam
627 1957 764 2012 dulcedine
793 1962 873 2027 atque
903 1983 940 2017 us
969 1961 1071 2012 nectare
1100 1958 1169 2013 ebrii
1203 1965 1301 2015 cuncte

178 2048 347 2101 contemnant
381 2049 512 2113 quattuor
543 2044 645 2098 ultimis
678 2044 769 2097 uerbis
798 2051 910 2113 praeter
939 2061 972 2098 ne
1007 2046 1113 2099 litteras
1141 2047 1301 2102 coniectura

177 2131 290 2197 additu,
313 2133 357 2186 iric
380 2131 517 2186 asteriscis
533 2131 564 2184 in
581 2147 625 2200 mp
640 2131 737 2199 positis
762 2131 847 2183 uerba
871 2131 899 2183 in
926 2132 1034 2184 cunctos
1056 2131 1194 2184 etlumen
1225 2149 1301 2202 prse-

176 2218 293 2272 tenderit
317 2249 350 2258 -
374 2217 487 2286 quadam
516 2216 653 2271 dulcedine
683 2218 763 2284 atquc
790 2217 821 2268 in
849 2217 948 2270 librum
971 2217 1093 2283 primm
1120 2223 1186 2271 ante
1215 2225 1303 2293 caput

176 2307 211 2358 65
232 2305 333 2358 reiecit.
367 2305 398 2358 in
421 2303 538 2358 secundo
562 2303 630 2356 libro
655 2303 722 2356 baec
742 2303 839 2356 babent
856 2304 888 2356 ut
906 2304 970 2370 (pro
987 2303 1024 2371 et)
1042 2318 1096 2356 non
1113 2323 1162 2359 usi
1179 2304 1300 2358 omnium

176 2389 310 2444 uirtutum
327 2414 365 2447 im
382 2419 415 2429 -
433 2389 563 2443 melorum
589 2389 666 2441 tants
694 2389 843 2457 experiatur
869 2389 1009 2442 examine?
1043 2391 1167 2442 utrumne
1194 2393 1301 2456 (utrum

140 2481 143 2486 '
182 2475 241 2543 (leb
259 2475 337 2528 illum
353 2474 433 2528 tellus
451 2496 498 2531 sisi
516 2489 537 2527 e.
555 2489 580 2541 q.
599 2489 619 2527 s.
644 2473 743 2541 reliqui
765 2473 880 2527 editores
897 2474 1009 2528 semuidi
1030 2475 1094 2528 libri
1110 2475 1180 2542 fines
1197 2479 1301 2546 egressi

175 2577 234 2614 non
261 2566 333 2616 smil.
371 2560 504 2615 Canterus
527 2559 612 2613 umba
634 2559 673 2612 sic
698 2560 867 2626 transposuit
890 2560 994 2614 utnon
1018 2559 1137 2613 omniurn
1161 2561 1299 2616 uirtutum

177 2662 263 2700 amore
291 2648 320 2700 in
346 2647 453 2700 cunctos
480 2647 507 2698 et
532 2645 621 2701 lumen
648 2644 825 2713 praetenderit
852 2676 884 2684 -
911 2646 1025 2715 quadam
1054 2645 1190 2700 dulcedine
1217 2649 1299 2717 atque

176 2748 264 2787 amore
291 2735 390 2800 (amore
416 2730 536 2798 addidit)
562 2730 675 2801 correpti
703 2731 823 2800 cognitas
841 2761 874 2770 -
897 2732 1027 2785 malorum
1049 2733 1128 2785 tenta
1148 2735 1299 2802 experiatur

177 2818 314 2876 examina?
344 2820 435 2872 utrum
464 2817 542 2871 illum
571 2816 651 2870 tellus
675 2833 696 2869 e.
714 2833 738 2884 q.
757 2833 778 2871 s.
796 2833 909 2885 eumque
934 2823 1041 2871 secutus
1067 2822 1106 2872 est
1131 2818 1299 2873 Elmeubor·

176 2906 253 2959 etius.
284 2904 341 2958 alia
363 2903 572 2970 transpositione
593 2918 659 2956 usus
682 2908 720 2955 est
738 2901 902 2956 Salmasius:
932 2903 1019 2972 quisi
1042 2903 1139 2972 dignus
1156 2919 1210 2957 non
1228 2909 1300 2959 esset

177 3014 213 3049 rer
231 3021 264 3029 -
281 2991 344 3043 uota
361 2988 573 3042 immortalitatis
592 2991 708 3056 optaret,
726 3011 764 3046 isi
780 2989 812 3041 ut
829 3002 882 3041 non
899 2989 928 3040 in
946 2991 1053 3041 cunctos
1070 2989 1160 3042 lumen
1178 2992 1205 3042 et
1223 3007 1297 3058 prae·

176 3077 294 3130 tenderit
311 3097 359 3132 suu
376 3107 409 3114 -
433 3074 562 3127 amouerit
578 3073 638 3131 uu?
668 3076 696 3127 at
726 3073 797 3125 euim
826 3072 885 3126 odio
914 3073 1013 3142 dignus
1043 3077 1083 3127 est
1100 3098 1138 3132 aa
1155 3105 1188 3112 -
1212 3076 1298 3129 veluti

177 3163 290 3237 quedam
326 3162 461 3216 dulcedine
496 3163 576 3229 atque
611 3159 729 3213 omnium
764 3160 897 3213 uirtutum
927 3191 959 3199 -
988 3160 1118 3214 melorum
1146 3163 1224 3214 tanta
1253 3177 1297 3214 er-

177 3249 294 3317 periutur
319 3247 456 3302 examina?
485 3250 611 3301 utrumne
636 3246 716 3300 illum
738 3246 819 3300 tellus
838 3262 859 3299 e.
878 3260 902 3314 q.
921 3261 942 3300 s.
971 3245 1087 3300 Orellius
1113 3253 1138 3301 ct
1167 3247 1298 3302 Oelslerus

178 3335 306 3390 Salmasii
323 3334 473 3402 eaemplmn
489 3334 587 3387 imiimi
603 3338 680 3400 sunt,
709 3332 763 3386 nisi
780 3332 852 3400 quod
869 3332 912 3386 bie
928 3348 1026 3387 manus
1042 3333 1117 3388 illius
1139 3335 1298 3389 recentibus

177 3421 292 3491 oestipr'is
308 3421 435 3474 insistens
447 3435 542 3487 pauca
558 3419 727 3472 inmutauit:
745 3421 836 3471 utrum
853 3418 881 3471 in
899 3420 1007 3471 cunctos
1025 3421 1053 3471 et
1070 3420 1158 3472 lumen
1175 3423 1296 3487 praeten-

177 3507 247 3560 derit
264 3536 298 3546 —
315 3506 428 3574 quadam
451 3504 588 3558 dulcedine
611 3507 638 3557 et
660 3519 730 3557 nono
755 3507 819 3571 (pro
842 3506 904 3570 non)
929 3504 1049 3558 omnium
1071 3505 1172 3558 uirtute
1189 3535 1223 3543 —
1241 3522 1296 3559 ma-

177 3595 263 3649 lorum
287 3594 364 3645 tanta
388 3591 535 3660 experiatur
557 3591 678 3644 examina
701 3591 779 3657 atque
802 3605 834 3643 ne
857 3590 936 3642 illum
959 3589 1078 3643 tellure.
1103 3607 1127 3659 q.
1151 3605 1171 3644 s.
1189 3586 1223 3644 ''et
1246 3608 1296 3662 ego

178 3679 379 3734 Salmasmnam
407 3676 568 3730 emendandi
595 3677 728 3730 rationem
746 3681 860 3743 praeter
883 3675 977 3728 turbas
1001 3677 1032 3728 in
1054 3676 1143 3744 capite
1165 3675 1296 3741 2fuctas

177 3767 265 3833 recepi
293 3764 383 3818 uerbr's
412 3763 532 3816 omnium
560 3762 693 3816 uirtutum
722 3777 863 3815 amore-
879 3761 1011 3815 melorum
1039 3763 1117 3816 tanta
1145 3763 1296 3830 experiatur

178 3853 295 3924 examina
321 3853 412 3905 utrum
436 3851 509 3904 inter
531 3850 615 3903 uerba
631 3849 745 3918 quadam
768 3848 904 3902 dulcedine
922 3852 1001 3918 atque
1019 3855 1044 3903 et
1062 3850 1146 3904 uerba
1163 3865 1196 3902 ne
1214 3849 1295 3904 illum

79 3979 82 3985 ,
178 3938 259 3991 tellus
276 3938 417 3992 collocatis.
440 3953 534 4004 nempe
549 3937 618 4002 folia
634 3938 664 3989 in
676 3935 766 3989 codiee
783 3935 936 4002 antiquiore
943 3941 1103 4003 permutata
1114 3940 1208 3988 erant.-
1225 3951 1295 3991 caue

178 4023 249 4075 enim
276 4023 386 4077 Oeblero
409 4022 514 4087 medas,
541 4022 643 4090 quiin
666 4020 795 4075 Parisino
818 4020 887 4073 libro
908 4020 1038 4086 soliorum
1046 4021 1295 4091 transpositionem

177 4108 281 4174 factam
298 4124 353 4162 esse
369 4109 495 4162 somniat.

213 4211 346 4265 lamouit
363 4212 474 4280 scripsi.-
496 4210 626 4265 amonerit
644 4196 675 4264 P‘
738 4209 902 4283 ,ascultare
916 4210 943 4262 P
1045 4209 1148 4279 3quod
1166 4208 1320 4268 salutaria

177 4296 254 4352 nobis
271 4295 359 4352 adde
460 4297 478 4350 4
495 4298 628 4366 apertaret
644 4295 800 4351 Heraldus:
830 4296 934 4365 optaret
951 4296 979 4349 P
995 4297 1100 4365 aptaret
1116 4296 1260 4352 Meursius
