2760 4808
212 334 253 400 32
512 335 656 388 Arnobii
679 335 838 390 aduersus
861 336 1019 391 nationes

211 507 271 573 mis
302 505 418 571 dedisse
449 504 615 570 medicinas
649 506 680 569 et
700 505 869 570 multorum
896 506 1054 571 hominum
1087 508 1209 574 morbos
1236 511 1324 575 uale-

210 610 390 690 tudincsque
413 625 541 674 curasse.
575 625 635 672 non
656 609 786 690 inquiro,
810 627 869 672 non
891 609 987 692 exigo,
1009 608 1079 691 quis
1101 613 1174 676 dens
1192 612 1248 675 aut
1263 630 1325 694 quo

211 715 345 794 tempore
375 712 423 776 oui
451 711 546 777 fuerit
577 712 742 777 auxiliatus
777 713 831 777 aut
867 732 958 795 quem
991 713 1123 779 fractum
1150 715 1327 780 restituerit

211 815 353 880 sanitati:
376 814 455 880 illud
477 815 577 880 solum
592 814 698 880 audire
718 815 865 893 desidero,
889 834 927 879 an
942 815 1006 880 sine
1020 815 1115 881 ullius
1130 816 1327 883 adiunctione

211 919 358 984 materiae
379 917 411 982 id
433 919 479 983 est
500 917 711 983 medicaminis
732 918 864 983 alicuius
876 917 915 982 ad
929 919 1048 983 tactum
1063 919 1182 985 morbos
1197 919 1328 987 iusserit
1350 949 1362 987 s

211 1023 440 1089 abdominibus
457 1023 585 1101 enotare,
608 1022 735 1104 imperio
757 1023 812 1086 aut
827 1022 931 1086 fecerit
946 1022 978 1086 et
999 1023 1093 1087 emori
1109 1023 1326 1089 ualetudinum

211 1146 333 1192 oausam
354 1128 385 1190 et
406 1125 555 1190 debilium
577 1142 700 1206 corpora
721 1125 760 1189 ad
780 1144 850 1190 suas
865 1143 998 1190 remeare
1013 1127 1145 1190 naturas.
1179 1125 1326 1194 Christus

210 1231 293 1296 enim
320 1229 415 1295 scitur
443 1228 498 1293 aut
525 1229 648 1293 admota
674 1228 816 1310 partibus
845 1227 1018 1293 debilitatis
1046 1248 1138 1294 manu
1160 1231 1215 1294 aut
1237 1231 1325 1296 uocis

210 1333 361 1416 simplicis
393 1332 526 1398 iussione
559 1349 646 1396 aures
678 1331 831 1414 aperuisse
864 1331 1040 1411 surdorum,
1075 1333 1249 1400 exturbasse
1283 1333 1324 1398 ab

210 1436 306 1503 oculis
329 1436 500 1515 caecitates,
523 1436 691 1500 orationem
713 1433 832 1500 dedisse
853 1436 959 1515 mutis,
983 1436 1182 1501 articulorum
1197 1437 1325 1504 uincula
1333 1467 1357 1506 a

209 1540 368 1618 relaxasse,
392 1539 586 1605 ambulatum
608 1539 726 1605 dedisse
748 1539 920 1618 contractis,
944 1539 1114 1624 uitiligines
1137 1560 1323 1623 querqueras

210 1645 301 1725 atque
333 1644 496 1708 intercutes
528 1642 647 1708 morbos
677 1643 841 1725 ,omniaque
873 1642 934 1707 alia
960 1643 1172 1710 ualetudinum
1200 1663 1321 1729 genera,

210 1765 287 1829 quae
318 1746 452 1811 humana
484 1763 606 1828 corpora
638 1746 788 1810 sustinere
821 1745 922 1811 neseio
949 1765 1009 1828 qna
1037 1746 1137 1812 noluit
1158 1747 1323 1831 inportuma

210 1851 389 1930 crudelitas,
422 1849 515 1913 uerbo
548 1849 656 1914 solitus
682 1849 871 1931 imperioque
898 1867 1013 1914 sanare.
1047 1850 1121 1932 quid
1152 1849 1256 1915 simile
1277 1852 1322 1917 dii

211 1971 323 2029 omnes,
345 1971 363 2017 a
385 1950 496 2033 quibus
519 1969 606 2032 opem
627 1948 731 2015 dicitis
762 1951 861 2034 aegris
883 1951 914 2015 et
935 1951 1179 2034 periclitantibus
1201 1953 1356 2024 latamirs

211 2056 312 2138 quisi
344 2056 462 2137 quando
490 2055 526 2119 ut
548 2055 632 2120 fama
664 2055 712 2120 est
744 2055 898 2120 nonnullis
926 2055 1099 2120 adtribuere
1125 2055 1322 2136 medicinam,

128 2164 146 2215 f.
156 2165 200 2216 18h
210 2161 264 2224 aut
296 2158 398 2223 cibum
431 2158 564 2240 aliquem
594 2157 599 2243 Ι
629 2157 783 2223 iusserunt
815 2160 883 2242 capi
914 2160 969 2223 aut
1000 2159 1159 2240 qualitatis
1190 2159 1323 2225 alicuius

211 2262 293 2327 ebibi
315 2262 468 2344 potionem
494 2260 549 2326 aut
570 2260 734 2326 herbarum
756 2264 787 2325 et
809 2261 983 2344 graminum
1013 2280 1100 2327 sucos
1122 2279 1324 2345 superponere

209 2363 450 2446 inquietantibus
484 2363 598 2443 causis,
632 2364 805 2444 ambulare,
838 2383 952 2430 cessare
973 2366 1028 2429 aut
1049 2383 1081 2429 re
1108 2365 1212 2447 aliqua
1245 2384 1324 2448 quae

210 2467 323 2531 officiat
360 2466 522 2546 abstinere.
561 2467 640 2548 quod
667 2485 731 2531 esse
758 2486 818 2533 non
844 2487 993 2552 maguum
1020 2485 1075 2533 nec
1107 2469 1361 2543 admirationisw

210 2569 341 2635 alicuius
363 2569 485 2650 stupore
507 2569 692 2652 condignum
713 2569 890 2653 promptum
912 2571 967 2649 est,
990 2571 1017 2634 si
1033 2571 1194 2637 uolueritis
1216 2573 1324 2638 atten-

211 2674 295 2739 dero:
319 2673 350 2738 et
370 2673 482 2739 medici
504 2673 586 2738 enim
608 2675 652 2738 sio
674 2674 790 2752 curant,
812 2675 926 2739 animal
947 2675 1035 2739 humi
1055 2677 1163 2740 natum
1178 2692 1233 2738 noo
1249 2691 1324 2741 con-

210 2777 301 2841 fisum
335 2777 480 2842 scientiae
509 2777 640 2842 ueritate
673 2778 725 2842 sod
755 2779 787 2842 iu
821 2778 885 2842 arte
917 2778 1096 2860 suspicabili
1124 2777 1260 2860 positum
1291 2781 1325 2843 et

210 2880 453 2946 coniecturarum
477 2881 743 2946 aestimationibus
767 2883 888 2947 nutans.
918 2882 1004 2946 nulla
1024 2882 1128 2947 autem
1149 2882 1250 2946 uirtus
1273 2884 1324 2947 est

210 2983 464 3050 medicaminibus
496 2990 635 3053 amouere
671 3003 747 3066 quae
778 2986 918 3050 noceant:
952 2984 1096 3051 beneficia
1124 2985 1184 3051 ista
1205 3003 1356 3066 resumo

209 3105 269 3151 non
290 3089 363 3152 sunt
384 3087 558 3153 curantium
579 3088 763 3169 potestates,
797 3089 829 3153 et
849 3090 886 3153 ut
907 3089 949 3153 sit
970 3089 1124 3154 laudabile
1146 3088 1237 3167 sciro,
1260 3107 1324 3170 qua

167 3180 171 3189 ’
211 3189 321 3270 quibus
344 3191 504 3255 conueniat
526 3191 677 3256 medicina
698 3191 752 3256 aut
774 3192 839 3256 arte
861 3192 977 3271 curari,
1000 3193 1084 3257 loeus
1105 3191 1195 3256 huius
1217 3191 1322 3256 laudis

210 3292 327 3356 nonin
354 3293 409 3358 deo
424 3293 490 3381 sod
512 3294 544 3358 in
565 3294 687 3358 homine
721 3294 904 3359 constitutus
935 3296 990 3360 est.
1028 3294 1109 3359 huno
1142 3294 1225 3359 enim
1258 3314 1320 3360 non

210 3396 257 3459 ost
279 3396 367 3478 turpe
384 3396 475 3462 robus
490 3398 676 3463 extrinsecus
691 3399 823 3481 sumptis
839 3399 1047 3464 ualetudinem
1061 3397 1197 3462 hominis
1212 3397 1320 3463 fecisse

210 3499 382 3564 meliorem=
414 3499 591 3566 indecorum
618 3501 673 3567 deo
693 3492 764 3580 est,
787 3518 846 3565 non
872 3502 975 3583 ipsum
1003 3521 1057 3583 per
1079 3520 1110 3566 se
1130 3519 1233 3584 posse,
1264 3502 1352 3572 sedeo

210 3604 403 3667 externarum
439 3602 634 3668 adminiculis
675 3622 777 3668 rerum
813 3604 978 3668 sanitatem
1013 3604 1319 3687 incolumitatemque

244 3925 611 3995 lualetndinesquaePoorr
711 3925 1032 3996 bimpsrioautscripco':
1046 3927 1253 3997 imperaueritP

210 4013 243 4067 13
254 4013 336 4066 nesci⁰
349 4014 376 4067 P
453 4028 520 4081 quae
532 4011 587 4066 Sub
668 4011 701 4066 14
712 4012 887 4082 imperioqnae
898 4014 926 4066 P
936 4029 999 4068 corr
1082 4013 1142 4082 quit
1153 4015 1179 4066 P
1189 4029 1251 4090 corr

211 4098 244 4151 16
260 4100 308 4152 ant
324 4098 440 4153 tribuere
454 4097 508 4152 eoo
610 4098 643 4152 18
660 4098 837 4166 superimponi
849 4097 905 4153 Sub
1004 4098 1038 4153 22
1055 4102 1082 4153 et
1099 4099 1187 4166 datr,
1205 4099 1322 4156 mm

210 4184 326 4239 borodim
427 4184 506 4254 enim]
524 4184 605 4238 etiam
623 4183 677 4238 Sub
778 4183 812 4238 26
829 4199 882 4252 qua
898 4184 995 4253 quibus
1018 4185 1084 4240 Urs:
1111 4199 1178 4254 qnae
1194 4185 1271 4254 quib,
1296 4188 1325 4242 P

212 4268 283 4323 datr
300 4284 351 4338 qna
362 4284 426 4336 quos
439 4268 512 4324 Salon
614 4269 647 4324 28
664 4285 715 4324 non
723 4270 743 4302 ¹¹¹
759 4269 786 4322 P
885 4271 918 4324 31
931 4270 1209 4339 incolumitatemquae
1219 4273 1248 4324 P
1257 4289 1325 4331 oon
