2784 4808
566 416 569 431 ,
612 368 755 422 eruero.
1143 432 1147 445 Ι
1197 373 1241 440 35
1304 336 1307 341 ’

125 541 182 604 aut
208 538 385 621 pontificem
412 539 594 619 marimum,
629 541 799 622 quinimmo
829 541 957 621 dialem,
992 544 1073 624 quod
1095 543 1160 610 eius
1182 544 1238 623 est,

125 641 286 706 flaminem
309 641 368 705 isto
390 642 456 706 iure
478 643 626 708 donauit?
647 663 708 708 non
732 644 903 723 dicam,'ut
923 648 1060 712 mortuos
1084 649 1238 726 excitaret,

126 765 186 810 non
209 751 246 812 ut
268 746 364 810 caecis
386 747 562 812 restitueret
583 747 693 828 lucem,
716 765 776 812 non
797 752 833 813 ut
847 749 1055 835 membrorum
1075 751 1154 815 situs
1170 769 1239 814 cur-

125 853 209 916 uatis
231 852 371 916 redderet
394 853 424 914 et
447 852 614 931 dissolutis,
649 853 702 917 sed
723 856 759 918 ut
785 853 943 936 pustulam
963 855 1123 919 reduuiam
1144 874 1240 936 papu-

105 956 190 1020 elam
213 955 269 1020 aut
289 955 373 1019 uocis
396 954 524 1034 imperio
546 959 599 1018 aut
621 974 730 1020 manus
753 956 989 1020 contrectatione
1016 957 1239 1038 comprimeret.

126 1075 197 1140 ergo
231 1057 312 1120 illud
343 1057 512 1122 humanum
540 1057 599 1122 fuit
626 1060 679 1122 aut
709 1078 744 1123 ex
765 1079 816 1124 ore
838 1060 966 1124 terrenis
986 1060 1169 1125 stercoribus
1190 1060 1240 1124 in-

126 1161 244 1224 nutrito
272 1161 335 1225 tale
361 1160 464 1242 potnit
490 1161 539 1224 ius
567 1161 649 1239 dari,
682 1162 756 1226 talis
783 1162 907 1227 licentia
928 1161 1093 1244 proficisci,
1127 1162 1158 1227 et
1179 1181 1240 1226 non
1314 1184 1317 1199 ·

125 1264 270 1328 diuinum
292 1265 323 1327 et
345 1281 482 1344 sacrum,
518 1264 572 1328 aut
598 1263 624 1326 si
646 1264 781 1345 aliquam
810 1265 1047 1349 superlationem
1076 1283 1124 1329 res
1146 1266 1239 1347 capit,

124 1366 288 1449 plusquam
313 1365 453 1430 diuinum
476 1368 506 1430 et
528 1359 676 1432 sacrum?
694 1387 765 1432 nam
787 1369 814 1432 si
836 1368 930 1434 facias
952 1369 1018 1452 ipse
1033 1367 1119 1451 ‚quod
1141 1369 1239 1450 possis

91 1503 116 1540 lo
126 1472 159 1534 ot
180 1471 261 1551 quod
283 1470 347 1534 tuis
370 1470 411 1533 sit
437 1470 557 1534 uiribus
583 1471 817 1553 potentatuique
846 1472 1043 1552 conueniens,
1075 1473 1239 1538 admiratio

125 1591 185 1637 non
213 1573 307 1637 habet
334 1574 413 1653 quod
442 1573 603 1638 exclamet:
636 1574 668 1639 id
696 1575 777 1639 enim
805 1576 884 1657 quod
914 1576 1049 1659 potueris
1077 1576 1185 1640 feceris
1209 1578 1240 1641 et

125 1677 207 1758 quod
228 1677 382 1758 praestare
404 1677 543 1740 debuerit
565 1677 612 1741 uis
636 1677 704 1754 tua,
726 1678 762 1740 ut
783 1678 881 1759 operis
905 1680 985 1742 esset
1008 1698 1068 1742 una
1090 1681 1121 1743 et
1143 1680 1240 1761 ipsius

126 1782 179 1863 qui
201 1780 377 1862 operaretur
398 1780 575 1861 aequalitas.
613 1781 831 1845 transscribere
851 1781 992 1863 possein
1013 1782 1170 1846 hominem
1184 1782 1240 1848 ius

125 1888 216 1948 tuum
239 1885 272 1947 et
293 1883 373 1964 quod
401 1883 498 1948 lacere
525 1885 607 1948 solus
636 1887 733 1966 possis
765 1884 983 1967 fragilissimae
1010 1885 1053 1949 rei
1076 1886 1186 1950 donare
1208 1888 1240 1951 et

92 2018 114 2053 n
125 1987 309 2070 participare
331 1986 518 2064 faciendum,
546 2007 638 2068 supra
660 1989 762 2052 omnia
789 1989 866 2052 sitae
889 1988 935 2052 est
956 1989 1119 2070 potestatis
1143 1989 1239 2053 conti-

125 2090 287 2171 nentisque
320 2089 376 2152 sub
408 2108 472 2154 sese
505 2091 552 2154 est
584 2109 685 2154 rerum
721 2091 857 2155 omnium
890 2109 995 2155 causas
1028 2094 1059 2154 et
1086 2091 1239 2156 rationum

125 2192 371 2273 facultatumque
406 2194 539 2256 naturas.
577 2212 633 2276 age
660 2213 741 2257 nunc
768 2194 873 2257 ueniat
900 2205 1009 2274 quaeso
1036 2214 1089 2276 per
1116 2197 1238 2276 igneam
1250 2195 1288 2255 52

126 2314 233 2360 zonam
255 2314 364 2378 magus
386 2297 529 2361 interiore
551 2297 588 2361 ab
605 2297 676 2361 orbe
692 2299 874 2379 Zoroastres,
898 2297 1065 2378 Hermippo
1080 2298 1115 2361 ut
1130 2300 1238 2362 adsen-

125 2398 242 2462 tiamur
269 2399 400 2476 auctori,
427 2397 430 2483 l
457 2399 638 2464 Bactrianus
670 2401 701 2463 et
728 2400 781 2465 ille
808 2400 983 2480 conueniat,
1014 2401 1099 2464 cuius
1122 2398 1238 2465 Ctesias
1248 2406 1266 2457 f.
1276 2404 1323 2456 20¹³
1384 2394 1388 2399 ’

91 2520 175 2565 rores
198 2502 300 2584 gestas
327 2501 524 2566 historiarum
552 2503 673 2584 exponit
695 2503 727 2566 iu
748 2494 863 2584 primo,
898 2503 1061 2568 Armenius
1090 2502 1240 2568 Zostriani

126 2622 220 2687 nepos
249 2605 280 2668 et
306 2604 467 2668 familiaris
495 2604 685 2688 Pamphylos
708 2604 791 2689 Cyri,
818 2607 1001 2687 Apollonius
1022 2606 1186 2689 Damigero
1209 2606 1240 2670 et

127 2707 300 2785 Dardanus,
323 2708 416 2771 Belus
432 2708 570 2773 Iulianus
593 2711 624 2773 et
639 2708 803 2786 Baebulus,
828 2711 860 2773 et
881 2709 996 2790 siquis
1019 2712 1065 2774 est
1086 2710 1165 2774 alius
1187 2710 1240 2790 qui

126 2812 336 2893 principatum
358 2812 388 2874 et
409 2829 519 2875 nomen
551 2807 655 2875 fertur
675 2813 707 2875 in
729 2812 844 2876 talibus
876 2811 1019 2876 habuisse
1046 2812 1237 2895 praestigiis:

126 2898 312 2996 permittant
333 2915 387 2977 uni
410 2933 445 2978 ex
465 2914 577 2995 pepon
598 2914 631 2978 n
652 2915 787 2978 officium
809 2916 956 2979 sermons
978 2915 1073 2979 nanu
1087 2933 1139 2979 era
1153 2933 1238 2979 coar-

89 3018 258 3082 articulare
280 3018 444 3094 mutorum,
468 3017 629 3082 surdorum
651 3018 801 3083 auriculas
817 3019 962 3095 mturare,
985 3017 1051 3082 sine
1070 3017 1239 3081 luminibus

127 3121 295 3202 procreatis
323 3121 479 3184 oculorum
505 3120 712 3204 redintegrare
734 3121 858 3185 naturas
886 3121 917 3185 et
937 3121 969 3184 in
996 3118 1142 3203 frigentia
1164 3119 1239 3184 olim

126 3223 268 3288 membra
289 3242 396 3288 sensus
418 3225 592 3307 animasque
613 3225 764 3289 reducere.
799 3225 853 3288 aut
875 3224 909 3287 si,
927 3225 1021 3288 ardua
1042 3242 1089 3288 res
1111 3222 1171 3288 ista
1192 3223 1239 3288 est

164 3535 182 3586 1
200 3532 270 3600 quod
287 3531 344 3585 eius
361 3530 409 3598 eet]
423 3544 473 3597 qno
485 3529 601 3583 deusest
616 3529 712 3583 dorric
724 3545 774 3597 quo
786 3529 831 3582 diu
842 3545 905 3583 usus
917 3531 957 3582 est
968 3528 1173 3582 Klueamoooua

130 3620 147 3674 3
159 3619 243 3672 situm
255 3617 308 3672 Sub
402 3616 527 3669 curuatis
539 3616 689 3686 Rigolta'ue:
701 3616 801 3668 eruatis
814 3617 841 3668 P
853 3615 934 3669 eratis
946 3631 961 3667 r
973 3615 1104 3668 eneruatis
1118 3613 1171 3667 Sub

130 3705 148 3758 4
165 3704 301 3773 pustulam
318 3701 453 3755 reduuiam
474 3701 536 3754 Get:
554 3701 665 3769 pousula
683 3687 836 3768 (portensas)
855 3700 990 3755 redubiam
1002 3701 1030 3753 P
1046 3699 1174 3769 pullulare
1192 3697 1238 3752 du·

131 3790 204 3844 biam
217 3790 272 3844 Seu
391 3786 567 3841 dtercoribus
588 3787 615 3839 P
628 3802 714 3841 corre
834 3787 866 3839 12
882 3790 998 3855 prostare
1011 3787 1037 3839 P
1154 3784 1238 3852 operis

139 3875 202 3930 Ura:
219 3875 318 3945 poteris
336 3875 363 3928 P
480 3872 513 3925 13
529 3872 644 3940 qualitas
663 3871 716 3925 Sub
836 3873 866 3927 17
885 3888 980 3940 quaeso
998 3888 1044 3940 per
1063 3872 1150 3926 Sotm:
1174 3886 1239 3939 quae

136 3978 211 4031 super
229 3963 255 4015 P
276 3961 323 4029 qui
339 3974 416 4028 super
435 3957 488 4012 ano
590 3957 624 4027 20
640 3957 787 4011 Hosthanis
802 3959 851 4012 cea
951 3958 984 4011 21
1003 3957 1127 4027 panfylus
1145 3959 1171 4011 P

137 4047 168 4100 22
178 4047 256 4100 Belus
269 4045 445 4100 Stcwecbc'ua:
463 4042 537 4096 uelue
549 4043 576 4096 P
681 4043 715 4096 25
723 4046 869 4097 munitorum
879 4044 904 4096 P
1015 4046 1132 4097 returare
1149 4043 1238 4097 Salm:

138 4133 294 4186 rmnsareP
321 4145 436 4197 resecare
452 4130 491 4183 sic
509 4128 564 4183 aaa
594 4143 707 4182 reserare
730 4128 780 4181 Gal
807 4129 936 4183 recludere
957 4129 1000 4182 uel
1028 4129 1156 4182 reclusere
1173 4128 1237 4182 Hu-

141 4220 194 4284 pos
311 4218 344 4271 26
359 4215 590 4284 redtintegrareP
712 4215 741 4266 in
757 4213 885 4282 frigentia
902 4214 956 4268 Sub
972 4215 1003 4268 to
1020 4230 1080 4268 err.-
1108 4213 1240 4282 infrigen-

142 4304 230 4360 tieeP
336 4304 368 4358 27
387 4302 569 4356 τοᾶὼιοθτθῬ
670 4300 811 4385 arduce'P

1104 4405 1145 4453 (δὴ
