2760 4808
310 1295 530 1405 nicea
573 1292 952 1406 SECVNDVS

350 1423 353 1441 1

115 1551 191 1654 Hoc
212 1588 245 1651 in
266 1587 332 1652 loco
355 1587 449 1651 tribui
472 1587 499 1650 si
521 1584 587 1651 ulla
608 1583 741 1651 facultas
763 1588 883 1668 posset,
913 1586 1028 1651 uellem
1050 1604 1121 1650 cum
1142 1585 1217 1651 hiel

70 1692 213 1757 omnibus
236 1690 348 1773 quibus
371 1708 482 1755 nomen
502 1689 643 1753 inuisum
665 1690 713 1753 est
737 1687 853 1754 Christi
875 1689 913 1755 ab
935 1689 1080 1755 instituta
1105 1688 1190 1771 prin-

74 1795 215 1879 cipaliter
248 1792 421 1858 defensione
454 1791 642 1857 deuerticulo
680 1791 834 1875 paulisper
870 1792 952 1856 facto
988 1793 1066 1857 talia
1098 1793 1192 1857 uerba

55 1899 215 1965 emissore:
246 1898 274 1962 si
295 1897 414 1960 nullam
436 1914 501 1961 esse
517 1895 630 1960 ducitis
647 1895 865 1960 contumeliam
880 1896 1059 1978 respondere
1074 1894 1191 1978 aliquid

74 2002 288 2085 interrogatos,
311 2000 490 2064 edissertate
512 1999 600 2063 nobis
623 2000 653 2063 et
676 1998 784 2063 dicite:
809 1998 882 2081 quid
904 1999 963 2077 rei,
987 1999 1062 2081 quid
1084 2017 1192 2065 causae

76 2107 131 2182 est,
153 2104 235 2187 quod
257 2104 324 2168 tam
346 2103 493 2187 grauibus
514 2101 712 2167 insectamini
727 2099 885 2166 Christum
900 2101 1000 2180 bellis,
1023 2102 1074 2168 uel
1092 2100 1097 2189 Ι
1116 2120 1192 2185 quas
1202 2114 1277 2170 3311

77 2209 140 2274 eius
169 2207 332 2273 continetis
360 2205 505 2285 offensas,
534 2206 571 2270 ut
593 2205 718 2270 313133
747 2203 879 2268 nominis
900 2205 1088 2270 mentionem
1109 2207 1192 2271 rabi·

78 2313 185 2375 dorum
205 2311 365 2392 pectorum
387 2308 591 2373 efferuescatis
614 2306 796 2372 ardoribus?
821 2306 972 2388 numquid
993 2309 1110 2393 regiam
1133 2307 1193 2373 sibi

52 2413 236 2478 3313113333
258 2413 444 2494 3313313133
470 2414 625 2476 terrarum
652 2411 756 2475 orbem
784 2412 930 2475 cunctum
951 2411 1124 2494 legionibus
1144 2413 1193 2477 13-

78 2516 254 2583 festissimis
277 2515 439 2598 oooupauit
461 2516 492 2580 et
514 2517 636 2596 pacatas
659 2514 697 2579 ab
721 2513 841 2577 exordio
863 2514 1001 2580 nationes
1020 2516 1096 2581 31133
1111 2517 1195 2582 dele·

86 2621 132 2685 uit
153 2639 189 2685 ao
210 2619 337 2685 sustulit
359 2619 436 2684 alias
462 2617 1196 2712 3111333333333313113333133311133113331131

83 2723 233 2806 numquid
254 2723 413 2788 ardoribus
435 2721 584 2786 auaritiae
604 2719 736 2804 flagrans
759 2720 915 2785 uniuersas
937 2738 1008 2803 opes
1023 2723 1105 2800 illos,
1127 2724 1208 2805 qui·-

81 2827 136 2893 bus
159 2845 191 2891 se
213 2844 308 2909 genus
330 2825 500 2889 humanum
515 2824 650 2889 studiose
671 2823 829 2888 contendit
843 2824 976 2908 impleri,
999 2826 1196 2907 possessionis

39 2948 151 2995 313333
181 2928 333 3011 mancipio
367 2928 560 2994 uindicauitt
594 2927 744 3009 numquid
777 2927 942 2992 libidinum
975 2929 1196 3010 cupiditatibus

64 3033 214 3115 ¹gestiens
241 3031 406 3114 pudicitiae
434 3032 581 3115 repagula
602 3031 635 3095 31
657 3029 751 3114 fregit
779 3031 833 3096 ant
861 3031 970 3096 alienis
992 3031 1099 3097 1331133
1120 3032 1196 3099 1331-

83 3136 181 3202 diatus
197 3137 243 3200 ost
257 3136 485 3201 matrimoniis?
506 3135 656 3218 numquid
672 3136 867 3219 adrogantiae
882 3136 1044 3218 supercilio
1058 3136 1197 3203 tumidus

82 3238 207 3304 iniurias
229 3239 260 3302 et
275 3239 475 3304 contumelias
489 3239 604 3323 passim
619 3239 683 3303 3133
698 3238 794 3304 ullius
808 3257 953 3322 personae
968 3240 1196 3306 discriminibus

82 3340 257 3426 inrogauitt
279 3344 310 3407 31
331 3358 393 3406 333
414 3343 448 3406 13
471 3343 595 3408 cunctos
617 3344 649 3406 et
666 3343 772 3407 lumen
785 3343 957 3425 praetendit
972 3344 1055 3409 uitae
1070 3344 1101 3409 et
1114 3345 1226 3427 pori-a

110 3628 307 3684 ddiuerticulo
327 3629 383 3684 Sub
487 3628 620 3698 deliquit
638 3631 666 3683 P
683 3647 776 3686 corre
883 3632 978 3701 equit
995 3634 1022 3688 P
1038 3650 1131 3688 corre

69 3713 223 3770 83113333
241 3715 268 3769 Ρ
386 3716 545 3785 9numquit
562 3717 590 3769 Ρ
606 3731 668 3770 corr
686 3720 709 3771 c‘
829 3716 862 3772 13
879 3719 1004 3787 numquit
1028 3719 1055 3773 P
1071 3734 1131 3774 corr

69 3802 112 3859 14
132 3810 213 3870 genus
230 3801 258 3854 P
358 3801 492 3855 studiosae
508 3802 536 3855 P
638 3801 671 3857 15
688 3804 924 3872 numquitPcorr
1027 3805 1059 3857 17
1077 3805 1200 3873 numquit

68 3885 105 3941 P
117 3903 181 3942 corr
273 3887 306 3941 18
317 3886 381 3940 ullis
393 3887 474 3940 ullius
487 3887 692 3942 Klusomcanuo
783 3888 815 3943 19
828 3888 857 3942 13
870 3889 987 3958 cunctos]
1000 3890 1103 3944 cunctis
1117 3889 1132 3944 3

69 3971 231 4043 praetende
247 3972 360 4042 scripsi.-
382 3972 561 4042 praetenderit
579 3973 607 4027 P

183 4057 304 4124 4333-
317 4058 394 4122 sano
415 4059 446 4113 3
470 4060 497 4113 P
522 4059 561 4113 so
585 4075 613 4114 ee
636 4061 790 4128 eectptont:
819 4063 846 4115 a
869 4076 922 4114 non
938 4083 987 4119 rrrrr
1007 4061 1123 4117 omnium
1146 4064 1200 4117 nr-
1296 4048 1300 4061 ’

71 4144 174 4196 tutum
190 4167 227 4202 ee
244 4173 277 4182 -
296 4144 424 4198 melorum
441 4146 518 4198 tanta
535 4145 682 4214 experietur
700 4147 819 4200 examina
836 4149 927 4202 utrum
946 4171 994 4207 333
1011 4148 1040 4202 13
1052 4151 1159 4203 cunctos
1172 4153 1199 4204 et

80 4226 175 4284 lumen
192 4228 368 4298 praetenderit
379 4252 427 4287 rrrrr
438 4260 471 4269 —
490 4230 604 4298 quadam
622 4230 760 4285 dulcedine
777 4233 856 4300 atquc
867 4257 905 4294 3,»
916 4248 949 4287 33
965 4233 1043 4288 illurn
1060 4235 1201 4294 13113333

82 4327 113 4369 a.
129 4329 152 4383 q.
169 4330 191 4371 c.
208 4313 246 4370 ud
262 4315 347 4371 uerbo
363 4316 392 4370 in
408 4319 516 4371 cunctos
534 4317 561 4370 31
577 4316 667 4372 lumen
684 4315 830 4375 adoobeuc't
846 4335 944 4376 moue
961 4319 1094 4390 quaedum
1110 4336 1201 4376 recea-
