2760 4808
225 331 266 396 22
524 327 669 384 Διιιοιιιι
691 328 851 383 aduersus
874 328 1031 382 nationes

224 501 362 581 insitum,
385 518 450 566 esse
471 519 575 584 regem
597 519 632 566 ac
654 500 812 566 dominum
836 501 1013 567 cunctorum
1035 517 1242 582 quaecumque
1262 500 1339 565 sunt

222 604 467 670 moderatorem?
502 603 570 687 ipsa
596 603 726 686 denique
753 603 869 668 hiscere
895 603 922 667 si
945 601 1114 667 animantia
1142 603 1232 667 mute
1253 603 1337 685 potis

98 696 101 704 ’
223 709 338 789 essent,
368 707 394 772 si
416 708 448 772 in
470 707 646 791 linguarum
668 707 842 773 nostrarum
865 705 1049 772 facilitatem
1072 705 1165 785 solui,
1188 706 1287 770 immo
1310 705 1334 771 si

220 811 341 877 arbores
363 810 488 894 glaebae
510 828 581 874 sexa
602 828 693 876 sensu
715 809 852 875 animata
878 810 969 875 uitali
996 810 1080 877 uocis
1105 810 1243 876 sonitum
1267 809 1332 892 qui·

221 916 289 981 rent
311 915 342 980 et
363 913 525 979 uerborum
552 913 695 979 articulos
722 914 888 998 integrare,
918 914 964 978 ita
990 933 1049 979 non
1071 914 1148 980 duce
1169 914 1283 979 natura
1304 913 1357 977 eti

221 1018 378 1102 magistra,
400 1035 460 1082 uon
482 1016 673 1099 incorruptae
696 1016 904 1101 simplicitatis
918 1008 977 1081 fide
993 1017 1024 1081 et
1038 1017 1256 1101 intellegerent
1270 1034 1331 1082 osse

173 1121 313 1187 eldeum
345 1122 377 1187 et
410 1119 588 1186 cunctorum
620 1120 778 1186 dominum
814 1121 914 1185 solum
945 1138 1014 1185 esse
1050 1121 1240 1186 clamarent?
1283 1120 1331 1184 sed

150 1300 156 1309 ,
220 1223 348 1304 frustra,
369 1225 487 1307 inquit,
513 1241 568 1289 nos
589 1222 667 1288 falso
690 1225 721 1290 et
743 1224 930 1289 calumnioso
957 1224 1110 1290 incessitis
1133 1224 1164 1290 et
1186 1222 1332 1308 adpetitis

221 1329 362 1408 crimine,
385 1328 671 1430 tamquameamus
693 1325 811 1392 infitias
834 1344 899 1392 esse
920 1327 1011 1392 deum
1033 1327 1197 1406 maiorem,
1221 1345 1333 1392 cuma

220 1431 308 1497 nobis
331 1432 362 1497 et
382 1430 522 1514 Iuppiter
548 1430 722 1496 nominetur
745 1430 777 1494 et
798 1430 931 1513 optimus
958 1430 1106 1496 habeatur
1127 1432 1159 1496 et
1180 1431 1366 1496 maximuso

221 1554 351 1618 cumque
376 1533 426 1600 illi
456 1534 691 1620 augustissimas
707 1535 809 1600 sedes
840 1537 871 1600 et
900 1534 1054 1619 Capitolia
1083 1533 1334 1600 constituerimus

220 1637 375 1703 immania.
412 1637 577 1703 dissimilia
604 1639 745 1723 copulare
773 1639 866 1722 atque
892 1638 925 1704 in
952 1656 1045 1703 unam
1072 1637 1204 1722 speciem
1227 1656 1336 1722 cogere

219 1741 345 1807 inducta
367 1741 540 1808 confusione
562 1742 722 1808 conamini.
760 1760 832 1807 nam
855 1741 1135 1825 deusomnipotens
1155 1742 1260 1807 mente
1274 1760 1336 1806 una

220 1845 356 1909 omnium
378 1845 409 1910 et
431 1846 586 1911 communi
607 1846 808 1911 mortalitatis
831 1846 960 1911 adsensu
975 1864 1071 1927 neque
1091 1844 1213 1929 genitus
1238 1845 1336 1911 scitur

218 1966 314 2030 neque
336 1965 447 2014 nouam
470 1951 502 2013 in
523 1948 624 2015 lucem
646 1950 810 2032 ahquando
837 1967 902 2015 esse
930 1949 1068 2030 prolatus
1095 1967 1151 2014 nec
1173 1966 1208 2013 ex
1230 1948 1336 2029 aliquo
1345 1973 1367 2012 n

218 2050 364 2133 temporis
385 2053 497 2134 puncto
520 2051 653 2134 coepisse
674 2070 739 2118 esse
761 2053 811 2118 uel
834 2053 964 2118 saeculo.
1000 2052 1066 2134 ipse
1092 2052 1139 2116 est
1160 2052 1244 2116 enim
1265 2051 1336 2116 fons

217 2174 329 2235 rerum,
353 2156 435 2220 sator
457 2155 648 2220 saeculorum
669 2174 704 2222 ec
729 2157 910 2237 temporum.
947 2173 1008 2220 non
1032 2155 1115 2220 enim
1136 2153 1203 2236 ipsa
1224 2172 1280 2236 per
1303 2173 1335 2219 se

218 2259 289 2323 sunt
311 2258 364 2324 sed
385 2277 421 2324 ex
443 2259 508 2325 eius
529 2259 733 2341 perpetuitate
754 2265 900 2343 perpetua
921 2260 953 2325 et
977 2257 1098 2323 infinita
1118 2274 1239 2339 semper
1260 2273 1334 2322 con-

216 2361 388 2427 tinuatione
401 2362 576 2445 procedunt.
615 2364 649 2427 et
668 2380 739 2429 uero
754 2362 893 2447 Iuppiter
914 2363 950 2428 ut
975 2380 1029 2428 uos
1055 2360 1142 2426 fertis
1165 2360 1197 2424 et
1211 2359 1333 2443 patrem

217 2463 310 2529 habet
336 2464 367 2529 et
393 2465 540 2547 matrem,
570 2484 643 2532 auos
679 2465 765 2531 auias
794 2466 919 2545 fratres,
949 2483 1030 2530 nunc
1056 2483 1153 2547 nuper
1182 2463 1217 2527 in
1243 2464 1367 2528 uteroro

216 2565 325 2632 metris
357 2586 429 2632 suae
461 2567 626 2647 formatus,
660 2568 817 2636 absolutus
849 2568 1005 2634 mensibus
1039 2568 1071 2632 et
1103 2566 1333 2633 consummatus

216 2669 328 2735 dicitur
349 2672 451 2736 decem
473 2672 610 2755 ignotam
632 2671 691 2736 sibi
713 2672 746 2736 in
761 2670 862 2737 lucem
876 2689 965 2736 sensu
979 2670 1110 2735 inruisse
1125 2669 1224 2747 uitali.
1248 2687 1331 2752 ergo,

216 2773 243 2837 si
264 2773 338 2839 haec
351 2760 411 2838 'ita
437 2775 525 2854 sunt,
559 2774 698 2859 Iuppiter
723 2793 790 2840 esse
818 2776 891 2839 deus
920 2774 972 2856 qui
997 2773 1112 2856 potest,
1147 2790 1216 2836 cum
1237 2770 1333 2835 illum

132 2883 282 2941 oralesse
307 2877 489 2959 perpetuum
517 2879 635 2943 constet
656 2877 688 2943 et
714 2877 910 2959 perhibeatur
932 2877 1011 2941 alter
1032 2895 1051 2941 a
1071 2875 1159 2942 uobis
1184 2873 1188 2958 Ι
1213 2880 1243 2938 et
1266 2874 1333 2940 dies

214 2979 355 3045 habuisse
376 2980 492 3046 natales
515 2981 546 3046 et
565 2979 745 3064 pauefactus
767 2998 799 3044 re
820 2997 900 3045 noua
926 2978 1157 3045 lamentabilem
1184 2977 1335 3059 extulisse
1344 2998 1369 3039 ιι

167 3082 206 3145 35
217 3083 381 3166 uagitum?
409 3085 460 3149 sed
482 3083 553 3162 sint,
576 3083 612 3147 ut
633 3082 744 3162 uultis,
767 3102 863 3148 unum
884 3102 939 3148 nec
960 3083 993 3146 iu
1015 3082 1118 3164 aliqua
1139 3081 1171 3145 ui
1194 3080 1335 3144 numinis

216 3186 248 3249 et
268 3187 430 3251 maiestate
456 3186 621 3252 distantes:
655 3186 762 3268 ecquid
790 3204 861 3269 ergo
888 3184 1012 3250 iniustis
1034 3183 1254 3267 persequimini
1276 3203 1335 3248 nos

215 3288 313 3352 odiis?
334 3289 409 3370 quid
430 3288 466 3353 nt
486 3288 596 3354 ominis
618 3289 745 3370 pessimi
760 3288 858 3354 nostri
871 3287 1004 3353 nominis
1018 3286 1226 3353 inhorrescitis
1242 3305 1334 3352 men-

136 3452 138 3456 .
212 3390 337 3471 tionem,
359 3392 386 3456 si
408 3410 499 3474 quem
520 3394 611 3457 deum
633 3391 744 3471 oohtis‚
767 3409 837 3456 eum
859 3394 889 3456 et
904 3394 981 3456 uos?
1003 3391 1058 3456 aut
1079 3390 1153 3472 quid
1174 3388 1335 3455 incudem

214 3511 305 3560 causa
330 3495 417 3560 uobis
445 3513 509 3561 esse
537 3494 722 3562 contenditis
751 3494 920 3560 familiares
949 3495 1034 3574 deos,
1068 3493 1207 3559 inimicos
1236 3493 1368 3576 atqueeo

247 3747 380 3802 ihiscere
398 3747 469 3804 Sub.-
493 3749 593 3804 inscero
610 3750 635 3800 P
744 3751 819 3805 mota
836 3751 864 3804 P
965 3751 1035 3819 potis
1060 3751 1148 3804 essent
1166 3747 1259 3802 Sctm:
1286 3765 1334 3818 po·

213 3833 328 3888 tuissent
346 3835 372 3889 P
389 3836 496 3904 possent
517 3835 570 3890 Ure
697 3835 841 3905 dglaeuee
859 3837 885 3891 P
902 3851 997 3890 corrr
1115 3834 1215 3898 bduce
1234 3835 1263 3888 P

213 3918 247 3973 13
264 3918 370 3974 indocta
393 3920 445 3974 Ure
546 3920 580 3974 16
591 3923 708 3990 tempore
720 3921 776 3976 Scb
879 3925 976 3991 puncto
989 3920 1088 3976 addidi
1190 3920 1223 3973 17
1235 3936 1333 3977 acccc·

213 4003 298 4059 lorum
323 4005 350 4058 P
463 4005 495 4060 19
514 4005 627 4075 iuppiter
651 4006 679 4059 P
791 4007 825 4061 22
850 4006 948 4061 dicitur
973 4006 1029 4062 cdd
1056 4007 1263 4061 chaemcmms

213 4091 430 4146 sensnmPcorr
525 4090 645 4147 irruitse
661 4090 714 4146 Ura
810 4092 844 4146 24
861 4095 964 4147 constet
980 4093 1008 4146 et
1026 4091 1095 4147 Sco:
1113 4092 1218 4146 constet
1235 4091 1264 4144 P

212 4175 246 4230 26
263 4176 304 4229 uie
317 4176 344 4229 P
435 4176 468 4230 27
487 4177 640 4232 maiestates
653 4177 681 4230 P
776 4178 867 4246 ecquid
885 4177 958 4232 cao:
975 4181 1002 4232 et
1019 4177 1084 4246 quid
1097 4178 1124 4231 P
1218 4177 1254 4232 28
1266 4179 1333 4232 orni-

212 4261 255 4314 nis
275 4259 340 4317 cer:
363 4261 483 4318 homines
500 4263 527 4316 P
628 4264 760 4317 mentione
778 4263 833 4318 διὸ
895 4290 898 4297 v
