2760 4808
560 374 659 429 Liber
675 375 698 428 Ι.
1144 376 1185 441 33
1240 465 1242 469 Ι

63 550 229 634 praestare.
260 550 292 614 et
313 549 457 640 quoniam
479 548 626 613 beneficia
646 547 757 613 salutis
772 548 861 612 dates
876 546 1007 612 eliorum
1022 547 1232 618 1111111119

65 653 253 738 comparatis
274 653 305 717 et
319 651 445 731 christi,
469 652 543 734 quot
564 651 653 716 milia
674 651 772 716 uultis
794 670 813 715 a
832 650 919 714 uobis
935 650 1084 715 debilium
1096 651 1184 716 uobis

64 757 197 836 ostendi,
219 756 293 839 quot
314 754 448 820 tabificis
470 753 606 820 adfectos
627 754 743 820 morbis
758 754 876 818 nullam
892 754 1013 819 omnino
1029 755 1185 820 rettulisse

63 860 263 937 medicinam,
287 875 357 923 cum
372 877 426 941 per
442 857 545 922 omnia
561 857 714 940 supplices
729 857 811 922 irent
825 857 950 938 templa,
973 877 1044 922 cum
1059 861 1184 924 deorum

40 963 141 1028 santo
161 981 214 1026 ora
235 963 381 1045 prostrati
403 961 513 1026 limine
534 963 602 1044 ipsa
625 963 836 1026 conuerrerent
858 961 983 1040 osculis,
1013 962 1184 1027 1111111-

38 1048 41 1057 *
64 1066 226 1148 eulepium
246 1065 363 1147 ipsum·
382 1064 520 1130 datorem
542 1067 578 1130 ut
599 1066 777 1148 praedicant
804 1065 963 1142 sanitatis,
996 1064 1095 1146 quoad
1117 1065 1183 1131 illis

64 1169 221 1252 superfuit
243 1169 323 1245 uita,
353 1170 385 1233 et
406 1168 547 1249 precibus
569 1167 736 1251 fatigarent
758 1167 789 1232 et
810 1151 980 1232 inuitarent
1001 1168 1183 1235 miserrimis

64 1272 172 1338 uotis?
200 1271 737 1337 11111-1111111111111111111111
760 1273 971 1351 commortuos,
997 1272 1182 1337 cruciatibus

65 1376 147 1440 alios
173 1374 363 1440 consenuisse
389 1375 580 1458 morborum,
610 1374 810 1458 perniciosius
839 1369 915 1440 alios
943 1393 1009 1439 sese
1040 1373 1044 1460 Ι
1070 1375 1251 1441 haberetis

23 1478 214 1562 incoepisse,
248 1479 412 1562 postquam
445 1479 510 1543 dies
542 1479 705 1560 noctesque
737 1479 770 1543 in
798 1478 951 1543 continuis
983 1479 1124 1560 precibus
1152 1482 1183 1545 11

65 1581 196 1665 pietatis
227 1581 434 1664 expectatione
465 1581 644 1646 triuerunt?
677 1582 751 1662 quid
780 1599 849 1666 ergo
878 1581 1003 1663 prodest
1024 1582 1182 1648 ostendere

65 1704 163 1749 unum
185 1686 239 1750 aut
261 1685 394 1749 alterum
415 1683 544 1748 fortasse
558 1686 687 1761 curatos,
710 1703 780 1749 cum
800 1685 848 1748 tot
862 1684 990 1749 milibus
1005 1684 1184 1751 subuenerit

64 1805 155 1852 nemo
187 1789 218 1852 et
243 1789 344 1869 plena‘
362 1788 426 1853 sint
453 1787 556 1851 omnia
577 1788 759 1852 miserorum
780 1787 1013 1869 infeliciumque
1035 1788 1183 1854 delubra?

64 1892 127 1956 nisi
148 1890 228 1957 forte
249 1891 369 1970 dicetis,
392 1911 480 1976 opem
502 1892 590 1956 bonis
612 1892 650 1957 ab
674 1892 733 1957 diis
756 1890 845 1969 ferri,
868 1892 1021 1956 malorum
1042 1892 1182 1983 miserias

27 2017 55 2056 rs
64 1995 191 2078 despici.
229 1996 336 2078 atquin
365 1994 505 2061 Christus
538 1996 707 2077 aequaliter
736 1996 824 2060 bonis
853 1994 1005 2076 malisque
1036 1996 1181 2060 subuenit

63 2117 121 2165 nec
141 2100 281 2180 repulsus
303 2101 341 2164 11
367 2098 424 2163 111
453 2100 614 2181 quisquam
643 2099 690 2162 est
721 2099 774 2180 qui
802 2098 891 2162 rebus
919 2097 1069 2161 auxilium
1097 2099 1181 2163 duris

64 2205 172 2269 contra
192 2203 343 2285 impetum
363 2202 542 2284 postulabat
563 2203 751 2283 iniuriasque
773 2200 923 2265 fortunae.
953 2199 1010 2265 hoc
1032 2200 1078 2264 est
1100 2201 1180 2264 enim

63 2306 221 2390 proprium
253 2305 302 2370 dei
335 2307 402 2370 ueri
433 2307 649 2388 potentiaeque
683 2304 812 2388 regalis,
845 2301 1070 2386 benignitatem
1091 2322 1178 2369 suam

62 2428 176 2494 negare
202 2408 281 2474 nulli
314 2428 369 2473 nec
397 2409 554 2491 reputare,
588 2408 657 2492 quis
679 2409 832 2473 mereatur
860 2408 913 2472 111
935 2406 1077 2484 minime,
1110 2426 1180 2473 cum

32 2512 216 2578 renaturalis
237 2512 403 2577 infirmitas
425 2513 616 2595 peccatorem
630 2512 788 2576 hominem
809 2509 912 2589 faeiat,
935 2528 993 2574 non
1009 2511 1180 2576 uoluntatis

63 2635 117 2680 seu
139 2615 337 2681 iudicationis
359 2616 477 2681 electio.
501 2616 601 2681 dicere
623 2633 711 2698 porro
727 2616 845 2679 meritis
865 2632 953 2696 opem
968 2613 1180 2680 laborantibus

62 2720 103 2784 ab
131 2719 191 2783 diis
223 2719 311 2803 ferri,
344 2719 476 2784 111111
506 2720 539 2783 in
569 2720 671 2785 medio
704 2736 813 2800 ponere
841 2718 872 2782 et
900 2717 1070 2784 dubitabile
1100 2719 1208 2799 quod*

61 2823 188 2888 adseres
209 2822 319 2899 facere,
343 2823 379 2886 ut
400 2823 432 2888 et
451 2823 509 2887 ille
538 2824 590 2904 qui
612 2840 704 2888 sanus
727 2823 774 2886 est
800 2820 900 2886 fectus
928 2821 1055 2897 fortuito
1081 2820 1179 2903 possit

59 2923 163 2988 uideri
190 2942 254 2989 esse
283 2926 421 2990 seruatus
449 2927 480 2990 11
513 2925 568 2989 1111
602 2926 654 3006 qui
688 2943 746 2989 non
780 2926 827 2989 est
861 2941 922 2987 non
955 2924 1060 2988 meriti
1087 2943 1179 2988 11111

24 3028 117 3093 eesed
150 3027 331 3094 infirmitate
366 3029 506 3093 credatur
540 3029 750 3093 ualetudinem
783 3027 931 3110 erpellere
958 3044 1018 3090 non
1044 3026 1179 3107 potuisse

59 3130 179 3195 diuina.
216 3131 290 3213 quid
311 3130 390 3212 quod
412 3132 488 3196 11111
508 3131 651 3210 uirtutes,
674 3150 751 3212 quae
771 3135 842 3196 sunt
856 3149 873 3194 1
887 3130 974 3195 nobis
989 3130 1177 3208 summatim,
1189 3142 1231 3204 51

57 3251 122 3300 non
144 3236 180 3298 ut
200 3236 244 3299 rei
266 3235 409 3317 poscebat
431 3236 629 3319 magnitudo,
652 3234 864 3318 depromptae,
888 3252 948 3298 non
969 3236 1092 3299 tantum
1113 3234 1178 3316 ipse

56 3335 189 3420 perfecit
208 3338 242 3402 ui
259 3357 329 3418 sua,
352 3359 476 3417 uerum,
498 3337 579 3420 quod
601 3342 667 3404 erat
688 3339 867 3417 sublimius,
890 3337 1005 3402 multos
1028 3338 1104 3402 alios
1127 3357 1178 3403 er·

57 3440 156 3524 periri
178 3446 209 3507 ot
229 3442 327 3507 facere
349 3442 398 3507 sui
420 3443 553 3507 nominis
568 3461 638 3507 cum
653 3441 822 3507 adiectione
837 3441 988 3523 permisit.
1017 3459 1088 3506 narn
1109 3460 1179 3506 cum

96 3714 111 3764 1
131 3713 271 3767 numinum
289 3711 359 3766 Sub:
383 3714 523 3768 nominum
540 3715 568 3768 P
686 3714 704 3766 2
726 3716 748 3767 e‘
765 3715 791 3766 P
910 3712 978 3781 quod
1001 3714 1029 3766 P
1050 3728 1111 3766 corr

60 3799 77 3852 3
94 3799 166 3868 qnod
184 3799 212 3852 P
302 3799 432 3854 tabefecis
449 3801 477 3854 P
494 3817 555 3854 corr
646 3802 663 3855 5
681 3801 865 3854 conuerterent
882 3802 908 3851 P
923 3815 986 3854 corr
1070 3798 1085 3851 7
1103 3813 1177 3867 pree-

60 3885 137 3938 cibus
154 3886 182 3940 P
296 3885 438 3940 miserrimi
457 3887 618 3941 Stewecbies
733 3887 766 3938 10
783 3885 919 3955 praecibus
937 3886 965 3940 P
1077 3885 1111 3938 11
1128 3886 1179 3937 tri·

59 3975 156 4026 uerunt
178 3971 245 4026 cei.-
271 3971 427 4026 tribuerunt
445 3974 472 4027 P
574 3974 608 4029 13
626 3973 681 4027 sint
699 3973 767 4027 Sub:
791 3976 854 4027 sunt
871 3973 898 4025 P
1000 3972 1089 4026 omnia
1107 3971 1179 4027 sao.-

59 4058 181 4112 omnium
198 4060 227 4113 P
338 4057 371 4112 14
388 4059 485 4113 dicatis
505 4059 559 4114 Sub
673 4060 706 4112 16
724 4059 771 4128 qui
787 4059 865 4112 rebus
884 4059 954 4113 Sub.-
971 4060 1017 4128 qni
1034 4059 1111 4114 rebus
1128 4060 1175 4128 qui

58 4145 86 4199 P
102 4144 149 4214 qni
167 4144 245 4199 rebus
264 4144 341 4199 sibi?
449 4145 620 4200 21111111
719 4145 969 4200 ’22111111111Ρ
1077 4146 1176 4200 2411ιι

10 4280 12 4285 .
58 4229 148 4283 meriti
161 4230 188 4283 P
290 4230 324 4285 25
341 4229 498 4285 infirmitate
519 4231 665 4298 01111111,
694 4232 759 4285 Ura:
778 4231 907 4285 firmitate
925 4232 952 4285 P
1050 4233 1176 4287 261111-

57 4316 155 4370 matim
173 4316 200 4369 P
302 4315 335 4369 29
353 4317 500 4371 adiectione
517 4317 673 4371 Herotduae
700 4316 845 4371 adfectione
863 4318 890 4371 P

160 4419 205 4474 11.
1057 4423 1074 4477 1
1288 4388 1320 4519 1
