2760 4808
174 329 215 394 28
474 326 614 381 Arnobii
637 328 801 382 aduersus
824 329 983 382 nationes

176 501 202 564 si
226 501 310 564 certa
331 501 378 564 est
411 500 503 582 ratio,
538 518 592 566 cur
612 500 645 565 id
667 500 755 565 uobis
784 500 955 567 laciendum
984 501 1115 582 putetis,
1149 503 1180 565 et
1201 500 1294 568 nobis

184 602 356 685 permittite
382 603 473 681 seire,
507 603 619 685 quibus
645 604 729 669 istud
756 604 855 670 causis
880 604 1110 686 rationibusque
1132 603 1293 671 faciamus.

131 709 288 776 lanatum
314 706 469 771 hominem
491 706 600 772 colitis.
634 707 756 772 etiamsi
778 708 859 773 esset
879 708 911 772 id
942 726 1068 786 uemm,
1102 708 1177 773 locis
1199 711 1237 774 ut
1259 710 1294 774 in

175 809 381 892 superioribus
403 810 520 875 dictum
543 812 605 890 est,
628 812 732 876 tamen
758 828 812 894 pro
840 810 949 886 multis
971 812 1003 875 et
1024 811 1090 875 tam
1111 810 1293 877 liberalibus

175 913 262 978 donis
284 932 361 995 quae
383 912 421 977 ab
444 931 478 977 eo
504 913 640 995 prolecta
657 914 792 979 innotis
819 916 891 979 sunt
913 914 986 978 deus
1002 913 1063 978 dici
1082 913 1293 998 appellarique
1319 940 1333 978 e

176 1017 308 1082 deberet.
345 1036 415 1082 cum
438 1035 508 1081 uero
530 1017 605 1082 dene
619 1017 662 1082 sit
675 1036 708 1081 re
722 1020 805 1082 33113
819 1019 850 1081 et
865 1019 931 1082 sine
946 1016 1042 1081 ullius
1056 1017 1151 1082 seriae
1166 1017 1292 1083 dubita-

177 1119 269 1183 tionis
290 1119 443 1203 ambiguo,
466 1120 650 1185 infitiaturos
672 1120 866 1185 arbitramini
879 1140 935 1185 nos
951 1138 1025 1198 esse,
1049 1140 1142 1201 quam
1156 1121 1295 1186 maxime

175 1221 266 1286 illum
287 1221 325 1287 ab
352 1222 438 1286 nobis
466 1224 523 1287 coli
544 1224 577 1288 et
605 1223 777 1305 praesidem
809 1224 905 1288 nostri
935 1223 1066 1304 eorporis
1096 1225 1294 1307 nuncupari?

175 1344 295 1413 ergone,
328 1325 447 1407 inquiet
469 1325 580 1407 aliquis
608 1325 712 1390 furens
739 1326 837 1392 iratus
860 1328 891 1391 et
911 1327 1055 1408 percitae,
1079 1330 1151 1391 deus
1172 1327 1228 1390 ille
1244 1329 1295 1392 eet

175 1428 338 1495 Christus?
360 1428 444 1507 deus,
467 1428 723 1510 respondebimus,
748 1430 779 1493 et
792 1429 972 1493 interiorum
993 1429 1201 1512 potentiamm
1215 1432 1331 1495 deusne

175 1535 207 1597 et
239 1533 319 1613 quod
351 1532 452 1615 magis
484 1531 593 1595 infidos
631 1531 834 1597 acerbissimis
867 1531 1021 1596 doloribus
1053 1532 1212 1614 torqueat,
1245 1532 1320 1597 rei-

176 1635 326 1700 maximae
354 1653 444 1699 eausa
467 1653 485 1698 a
506 1652 627 1699 summo
649 1652 720 1717 rege
741 1634 780 1699 ad
801 1652 855 1698 nos
877 1635 997 1698 missus.
1036 1634 1207 1715 postulabit
1229 1635 1292 1698 for·

175 1738 256 1804 sitan
279 1720 413 1802 insanior
435 1739 466 1802 et
488 1737 629 1802 furiosior
650 1736 764 1815 factus,
788 1757 826 1802 en
848 1755 880 1802 se
901 1737 946 1802 ita
968 1755 1015 1801 res
1034 1736 1158 1816 habeat,
1182 1757 1293 1819 quem-

178 1839 343 1905 admodum
365 1840 506 1918 dicimus,
530 1840 728 1922 comprobari.
768 1839 854 1905 nulla
875 1840 972 1905 maior
997 1842 1044 1904 est
1072 1841 1294 1922 comprobatio,

175 1963 265 2027 quam
299 1943 455 2026 gestarum
477 1942 516 2007 ab
538 1941 668 2007 eolides
700 1962 816 2021 rerum,
851 1962 943 2025 quam
971 1943 1124 2007 uirtutum
1153 1944 1328 2025 nouitas,1e

176 2066 269 2129 quam
302 2045 404 2110 omnia
431 2045 515 2110 uicta
542 2046 662 2111 decreta
689 2045 897 2128 dissolutaque
926 2045 1047 2125 fatalia,
1077 2065 1155 2128 quae
1183 2047 1294 2129 populi

105 2165 123 2218 f.
134 2151 340 2235 negantesque
362 2168 415 2213 suo
438 2148 503 2232 geri
525 2149 582 2213 sub
605 2148 722 2213 lumine
755 2149 840 2212 nullo
867 2149 1066 2214 dissentiente
1099 2149 1254 2230 uiderunt,
1284 2149 1290 2236 Ι

175 2272 250 2336 quae
273 2271 328 2318 nec
356 2252 416 2334 ipsi
444 2252 560 2317 audent
588 2251 735 2317 falsitatis
762 2270 904 2335 arguere,
934 2270 1064 2334 quorum
1092 2253 1235 2335 antiquas
1260 2257 1294 2320 et

175 2357 290 2439 patrias
325 2355 408 2439 leges
445 2355 592 2419 uanitatis
628 2373 693 2419 esse
728 2355 924 2437 plenissimas
961 2356 1053 2437 atque
1088 2355 1291 2422 inanissimae

127 2465 166 2528 la
177 2458 401 2540 superstitionis
422 2457 564 2523 ostendit.
603 2475 780 2522 occursurus
802 2457 929 2523 forsitan
951 2476 1055 2521 rursus
1071 2459 1203 2523 osteum
1217 2459 1328 2523 aliisae

176 2561 284 2626 multis
313 2560 508 2625 calumniosis
538 2560 603 2623 illis
636 2562 667 2625 et
699 2561 869 2642 puerilibus
901 2561 1041 2626 uocibus:
1075 2579 1185 2644 magns
1216 2562 1291 2641 fuit,

136 2676 138 2679 ·
176 2663 370 2729 clandestinis
392 2664 510 2728 artibus
532 2663 635 2728 omnia
656 2663 712 2729 1113
726 2663 862 2745 perfecit,
887 2665 1108 2748 Aegyptiorum
1131 2683 1165 2728 ex
1186 2663 1291 2748 adytis

176 2767 353 2851 angelorum
375 2767 559 2848 potentium·
569 2767 692 2832 nomina
713 2769 744 2831 et
758 2768 892 2832 remotas
907 2767 1026 2831 furatus
1038 2767 1289 2852 estdisciplinas.

176 2869 250 2951 quid
272 2869 390 2947 dicitis,
413 2887 430 2933 o
452 2869 590 2952 paruuli,
613 2870 801 2952 incomperta
823 2870 910 2935 uobis
933 2871 964 2934 et
985 2870 1087 2934 nescia
1108 2871 1293 2936 temerariae

176 2972 259 3038 uocis
280 2972 465 3054 loquacitate
486 2972 677 3057 garrientes?
698 2991 808 3057 ergone
828 2973 885 3037 illa
907 2991 983 3055 quae
1009 2974 1095 3058 gesta
1121 2974 1194 3037 sunt
1216 2974 1292 3038 dae·
1302 2993 1330 3035 11

175 3093 301 3140 monum
323 3074 408 3140 fuere
429 3075 613 3159 praestigiae
636 3077 666 3140 et
687 3076 877 3160 magicarum
899 3077 1014 3169 artium
1036 3076 1123 3141 ludi?
1159 3076 1293 3157 potestis

175 3177 308 3260 aliquem
338 3178 425 3242 nobis
456 3178 631 3262 designare,
664 3179 836 3243 monstrare
858 3198 893 3242 ex
915 3179 1056 3243 omnibus
1084 3177 1149 3242 illis
1176 3181 1291 3263 magis,

176 3281 229 3362 qui
250 3300 394 3362 umquam
418 3281 502 3346 fuere
523 3300 577 3363 per
591 3281 720 3359 saecula,
744 3281 903 3346 consimile
917 3280 1034 3362 aliquid
1049 3279 1169 3346 Christo
1184 3281 1292 3346 mille-

176 3383 255 3448 sima
277 3402 312 3448 ex
333 3385 420 3467 parte
449 3384 501 3466 qui
530 3383 655 3448 secent?
691 3384 744 3466 qui
773 3384 839 3448 sine
861 3384 926 3449 ulla
947 3384 981 3448 ui
1002 3382 1187 3461 carminum,
1221 3385 1291 3451 sine

176 3485 339 3552 herbarum
365 3486 397 3551 et
423 3487 598 3570 graminum
628 3487 718 3564 sucis,
750 3487 815 3551 sine
844 3487 908 3550 ulla
940 3486 1044 3567 aliqua
1076 3487 1329 3554 obseruationem

210 3826 326 3881 luobus
352 3827 377 3877 P
391 3840 485 3880 corre
602 3827 692 3880 3esse
713 3828 739 3879 P
838 3828 1074 3896 bappellariquae
1100 3831 1126 3882 P
1142 3846 1204 3884 corr

176 3913 289 3967 beoniae
306 3913 417 3980 scripsi:
447 3913 485 3965 rei
504 3913 531 3966 P
548 3913 592 3966 del
616 3912 668 3967 Ure
802 3914 926 3969 8aSob
1062 3915 1094 3970 11
1112 3915 1291 3972 aeemiesimis

176 4001 202 4050 P
217 4014 279 4052 corr
414 3999 447 4052 12
470 3999 581 4052 maxime
598 4001 625 4050 P
758 4000 905 4068 postulabit
931 4001 999 4056 Sub:
1028 4002 1180 4072 postulauit,
1197 4005 1223 4054 P

177 4085 368 4154 regentesque
387 4085 455 4139 Sub:
481 4088 574 4152 gentes
601 4102 667 4155 quae
683 4087 710 4137 P
810 4087 867 4155 geri
893 4087 942 4141 sub
967 4088 1068 4141 lumine
1090 4089 1155 4142 Ure:
1183 4091 1293 4158 generis

176 4169 355 4223 sublimineP
455 4157 569 4225 uioeiP
586 4170 742 4226 niderosto
840 4173 989 4227 1831311.-
1007 4172 1092 4226 sedP
1108 4175 1222 4228 seuSob

177 4256 209 4310 21
222 4258 400 4324 ereptos.
413 4257 439 4308 Ρ
540 4258 573 4310 24
586 4256 740 4310 anacsciaP
840 4259 873 4310 27
891 4259 959 4312 illeis
978 4261 1003 4312 P
