2760 4808
222 342 265 407 20
524 337 664 393 Arnobii
687 335 849 392 aduersus
872 337 1028 390 nationes
1121 386 1129 418 Ι

222 531 296 596 quas
318 513 421 577 nostra
442 511 569 576 fulcitur
591 511 673 576 salus
703 511 857 576 uariarum
883 509 1094 575 munificentia
1116 509 1339 592 uoluptatum?

222 614 354 679 mundus
376 615 435 679 isto
456 615 486 678 in
510 630 568 696 quo
591 615 717 698 degitis,
746 615 832 679 euius
854 615 976 679 estant
998 614 1065 696 quis
1088 613 1151 677 eius
1173 614 1263 680 uobis
1286 615 1336 679 at·

222 719 334 784 tribuit
363 717 499 783 fructum
520 718 795 799 possessionemque
821 717 972 782 retinere?
1009 717 1094 798 quis,
1123 717 1159 780 ut
1180 716 1336 782 subiectas

222 841 270 887 res
293 841 429 901 cernere,
452 822 488 886 ut
510 822 710 899 contrectare,
740 821 776 885 ut
798 820 986 886 considerare
1007 819 1150 904 possetis,
1173 820 1336 902 publicum

221 927 307 991 istud
329 927 433 990 lumen
456 925 560 990 dedit?
582 926 659 1007 quis,
683 943 720 990 ne
742 925 801 990 fixa
822 924 965 1008 pigritiae
988 927 1111 1005 stupore
1125 925 1336 1005 torpescerent
1357 945 1373 985 s

182 1052 185 1060 ·
222 1029 373 1094 elementa
401 1028 525 1107 uitalia,
556 1027 629 1093 solis
657 1028 745 1112 ignes
774 1026 937 1093 constituit
960 1027 998 1092 ad
1020 1046 1122 1092 rerum
1144 1026 1337 1094 incrementa

222 1131 362 1197 futuros?
388 1131 484 1196 solem
506 1130 597 1195 doum
619 1149 690 1195 oum
711 1148 777 1196 esse
799 1130 945 1207 credatis,
968 1129 1155 1195 conditorem
1177 1129 1243 1195 eius
1267 1131 1336 1213 opi·

220 1233 367 1316 fioemque
388 1252 446 1298 non
468 1233 638 1314 quaeritis?
660 1234 734 1298 luna
756 1251 825 1297 cum
847 1232 928 1315 apud
950 1250 1004 1298 uos
1025 1233 1079 1297 dea
1094 1233 1145 1311 sit,
1168 1251 1230 1296 non
1243 1233 1334 1298 simi·

171 1339 293 1409 solitar
322 1338 398 1402 scire
428 1337 540 1402 curatis
570 1338 691 1422 genitor
718 1338 783 1401 eius
805 1337 836 1400 ot
857 1336 1021 1401 fabricator
1043 1336 1111 1419 quis
1134 1335 1197 1400 sit?
1234 1353 1335 1401 nonne

221 1440 365 1524 cogitatio
387 1458 441 1505 uos
463 1440 547 1506 subit
568 1439 772 1519 considerare,
796 1440 978 1523 disquirere,
1000 1439 1032 1504 in
1054 1439 1122 1504 cuia
1143 1440 1335 1520 possessione
1344 1463 1369 1503 ro

220 1544 392 1618 uersemiui,
416 1544 484 1608 cuia
506 1544 537 1608 in
552 1562 584 1608 re
606 1544 684 1622 sitis,
708 1544 793 1608 cuius
815 1544 878 1609 ista
899 1544 941 1607 sit
962 1562 1055 1624 quam
1078 1543 1217 1625 fatigatis
1241 1544 1333 1623 terna,

221 1648 305 1710 cuius
337 1665 387 1711 aer
419 1647 476 1711 iste
508 1666 599 1729 quem
626 1646 716 1711 uitali
752 1646 944 1729 reciprocatis
975 1645 1100 1728 spiritu,
1137 1647 1224 1710 ouius
1256 1647 1333 1712 abu-

220 1750 328 1813 tamini
365 1749 514 1828 fontibus,
552 1749 639 1815 euius
674 1751 805 1832 liquore,
842 1751 910 1832 quis
951 1749 1111 1814 uentorum
1147 1749 1334 1831 disposuerit

147 1851 358 1930 sudamine,
396 1847 625 1934 quis‘undosas
659 1853 876 1938 excogitauerit
914 1853 1023 1931 nubes,
1057 1853 1125 1934 quis
1166 1849 1333 1938 selminum

219 1955 382 2038 frugiferas
404 1957 569 2038 potestates
597 1957 751 2021 rationum
779 1956 964 2039 proprietate
992 1955 1186 2021 distinxerit?
1219 1956 1333 2038 Apollo
1342 1982 1366 2020 rc

219 2058 306 2124 uobis
327 2059 424 2141 pluit,
447 2059 616 2125 Mercurius
637 2059 725 2125 uobis
746 2061 841 2142 pluit,
869 2059 1083 2141 Aesculapius
1106 2061 1254 2124 Hercules
1277 2063 1334 2125 aut

220 2162 320 2227 Diana
348 2163 497 2228 rationem
525 2163 673 2229 imbrium
702 2165 981 2246 tempestatumque
1010 2163 1184 2227 tinxerunt?
1221 2164 1252 2228 et
1275 2162 1332 2229 hoo

139 2291 142 2298 ’
219 2264 283 2329 fieri
306 2265 358 2347 qui
379 2266 490 2347 potest,
513 2284 584 2330 cum
605 2266 637 2330 in
659 2266 772 2330 mundo
794 2265 998 2349 profiteamini
1021 2284 1069 2330 eos
1085 2266 1173 2330 natos
1188 2266 1332 2348 certoque

218 2369 353 2450 tempore
375 2386 498 2433 sensum
520 2369 688 2451 adripuisse
710 2368 859 2433 uitalem?
881 2369 909 2433 si>
929 2369 1010 2433 onim
1025 2368 1171 2449 temporis
1193 2369 1332 2450 antiqui·

218 2473 283 2535 tate
316 2471 447 2535 mundus
475 2488 525 2537 eos
558 2471 713 2536 anteuenit
741 2472 772 2536 et
800 2472 977 2554 priusquam
999 2472 1064 2536 nati
1087 2473 1159 2535 sunt
1186 2472 1251 2535 iam
1275 2489 1370 2535 no-ao

218 2574 305 2638 uerat
327 2573 448 2657 pluuias
463 2574 721 2658 tempestatesque
736 2575 853 2651 natura,
876 2575 997 2638 nullum
1012 2575 1108 2639 serius
1123 2574 1188 2639 nati
1203 2575 1331 2656 pluendi

218 2676 266 2740 ius
288 2677 400 2743 habent
425 2696 521 2760 nequo
549 2677 592 2742 eis
618 2677 749 2742 inserere
770 2677 939 2742 rationibus
967 2695 998 2741 se
1026 2679 1153 2760 possunt
1180 2695 1257 2759 quas
1280 2678 1331 2741 in-

169 2780 205 2842 sl
219 2782 367 2844 uenerunt
388 2781 441 2845 hic
460 2781 511 2865 agi
533 2783 564 2846 et
584 2781 699 2846 maiore
721 2781 759 2846 ab
781 2783 902 2861 auctore
929 2781 1064 2846 tractari.
1101 2798 1118 2845 o
1140 2780 1287 2859 maxime,
1312 2798 1331 2844 o

218 2902 337 2949 summe
358 2903 460 2948 rerum
482 2883 686 2949 inuisibilium
709 2887 895 2966 procreator,
918 2901 934 2946 o
956 2883 1022 2966 ipse
1043 2884 1163 2948 inuisus
1185 2885 1216 2948 et
1230 2883 1331 2950 nullis

217 3005 363 3068 umquam
385 2987 584 3070 conprehensa
609 2987 736 3066 naturis,
759 2987 877 3070 dignus,
900 2986 1012 3070 dignus
1034 3006 1064 3052 es
1083 3005 1165 3068 uere,
1188 2986 1213 3051 si
1235 2987 1368 3053 modoas

216 3090 247 3153 te
269 3089 397 3173 dignum
426 3089 549 3154 mortali
579 3090 742 3154 dicendum
763 3097 809 3155 est
830 3108 895 3168 ore,
929 3091 978 3154 oui
1007 3090 1125 3171 spirans
1156 3090 1256 3154 omnis
1277 3090 1332 3156 in·

216 3192 418 3276 telligensque
445 3193 553 3257 natura
575 3193 605 3257 et
627 3193 737 3258 habere
760 3195 791 3257 et
813 3211 902 3276 agere
923 3212 1092 3275 numquam
1113 3191 1233 3257 desinat
1255 3212 1333 3276 gra-

216 3295 285 3372 tias,
308 3297 356 3360 cui
379 3298 445 3360 tota
471 3296 632 3361 conueniat
658 3296 723 3360 uita
751 3314 831 3379 genn
859 3295 929 3361 nixo
954 3295 1151 3377 procumbere
1173 3298 1204 3360 et
1226 3297 1331 3362 conti-

216 3398 317 3462 nuatis
332 3398 471 3481 precibus
486 3398 665 3480 supplicare.
687 3399 787 3481 prima
808 3398 890 3463 enim
904 3399 939 3462 tu
956 3417 1047 3464 causa
1061 3417 1101 3480 es,
1124 3401 1207 3464 locus
1222 3418 1332 3465 rerum

216 3519 251 3565 ac
272 3502 423 3583 spatium,
456 3501 689 3565 fundamentum
718 3504 895 3566 cunctorum
925 3520 1132 3584 quaecumque
1154 3502 1244 3583 sunt,
1278 3501 1370 3571 in-as

247 3845 264 3898 3
290 3845 529 3914 possessionemque
560 3843 671 3897 retinere
699 3843 772 3898 Sob:
797 3845 997 3912 „possessionem
1027 3846 1120 3913 queret
1146 3845 1203 3897 inre
1231 3844 1260 3898 P

213 3931 411 4000 bpr'gritiaeP
512 3929 750 3998 'topiflcemqueP
850 3931 882 3984 11
900 3931 994 3985 oni·P
1096 3932 1128 3984 12
1139 3930 1239 3999 spiritu
1257 3931 1329 3986 Ure.-

115 4036 118 4041 ·
214 4017 364 4086 aspirituP
466 4018 499 4072 15
515 4016 669 4084 potestatcis
683 4015 752 4070 Sob:
775 4016 915 4084 potestatis
928 4017 955 4071 P
984 4032 985 4036 ’
1055 4017 1259 4072 distincseritP

214 4103 246 4157 16
263 4103 376 4156 herculis
394 4103 422 4157 P
528 4104 561 4157 18
578 4105 699 4170 certoque
716 4101 744 4154 P
849 4101 882 4155 19
898 4103 1113 4171 antiquitatesP
1213 4105 1247 4156 21
1264 4105 1331 4173 plu·

212 4187 271 4242 bias
284 4189 384 4242 Pcorr
451 4187 712 4256 tempestatesqueP
777 4185 970 4241 dirutionibus
987 4187 1217 4243 Getsnationibns
1230 4188 1258 4243 P

213 4275 248 4328 24
263 4273 349 4328 inuisa
369 4272 419 4327 Get
521 4272 555 4327 25
571 4271 761 4353 conpraehense
779 4272 805 4325 P
906 4272 940 4327 29
957 4273 1093 4343 praecibus
1112 4274 1139 4328 P
