2760 4808
159 338 198 401 12
463 336 602 390 Arnobii
624 336 785 391 aduersus
808 335 961 390 nationes

157 509 321 574 admodum
338 509 420 574 enim
441 527 490 574 res
512 509 564 593 agi
587 510 618 574 et
639 528 734 590 usque
755 510 794 573 ad
815 505 872 572 hoc
893 510 1014 589 tempus
1036 525 1131 590 genus
1153 507 1272 589 quisset

156 612 265 676 durare
284 611 472 693 mortalium,
495 612 522 676 si
543 629 603 676 non
617 614 721 676 omnia
742 630 819 694 quae
844 629 917 676 usus
931 611 1015 675 uitae
1039 611 1177 692 posceret
1198 610 1272 675 sub·

108 715 343 789 lsmmistraret
375 716 518 781 fertilitas
551 719 687 781 rerum?
703 716 755 780 sed
783 714 908 783 haereat
934 712 1096 795 aliquando
1123 713 1273 778 nonnulla

154 817 185 881 in
208 817 441 884 necessitatibus
462 819 615 900 tempora:
639 819 670 882 et
684 818 819 883 relaxata
840 818 914 881 sunt
936 815 1134 881 abundantiis
1148 834 1270 892 rursus3

154 921 259 985 contra
287 921 480 986 uoluntatem
509 923 657 1004 quaedam
686 921 767 987 bella
800 921 1030 986 administrata:
1068 920 1098 983 et
1130 919 1301 985 uictoriise

153 1023 346 1105 postmodum
363 1023 609 1107 successibusque
632 1027 774 1090 correcta.
804 1025 877 1106 quid
900 1041 980 1108 ergo,
1004 1023 1139 1087 dicemus
1159 1022 1270 1086 iniuri-

153 1145 241 1189 arum
267 1127 439 1191 nostrarum
467 1126 537 1191 deos
564 1127 654 1192 modo
681 1145 831 1192 memores
859 1146 924 1192 esse
950 1125 1039 1190 modo
1068 1143 1132 1190 esse
1165 1144 1270 1190 rursus

152 1229 368 1294 immemores?
404 1230 431 1294 si
459 1250 517 1312 quo
549 1232 686 1314 tempore
716 1231 813 1295 fames
844 1231 890 1294 est
919 1229 991 1295 irati
1020 1247 1085 1293 osse
1115 1229 1268 1311 dicuntur,

46 1379 48 1382 Α
152 1332 289 1414 sequitur
310 1335 346 1397 ut
361 1332 565 1398 abundantiae
586 1334 720 1415 tempore
741 1333 814 1398 irati
830 1334 861 1398 et
876 1332 1017 1397 difficiles
1039 1348 1100 1395 non
1118 1332 1198 1396 sint:
1222 1332 1269 1396 at-

152 1454 209 1517 que
230 1435 277 1500 ita
291 1436 466 1517 perducitur
487 1455 534 1501 res
554 1454 588 1502 eo
610 1437 646 1501 ut
659 1436 779 1502 uicibus
801 1437 928 1501 ludicris
950 1437 981 1500 et
1000 1434 1114 1516 ponant
1135 1435 1169 1499 et
1182 1453 1302 1516 repe-ro

151 1537 303 1603 tantitas
325 1541 356 1604 et
378 1539 411 1603 in
432 1541 587 1623 integrum
609 1560 641 1606 se
664 1558 781 1621 semper
802 1539 1002 1604 offensionum
1020 1569 1036 1602 e
1060 1539 1270 1604 recordatione

105 1641 324 1721 parastituant.
360 1662 544 1725 quamquam
570 1644 654 1709 istud
681 1644 760 1727 quod
782 1642 897 1706 dieitur
918 1642 1008 1723 quale
1030 1642 1071 1706 sit
1094 1641 1271 1723 explicabili

151 1760 210 1807 non
249 1747 350 1827 potest
388 1747 639 1828 conprehensione
672 1747 818 1830 cognosci.
873 1745 900 1809 si
933 1745 1121 1809 Alamannos
1158 1744 1270 1810 Persas

151 1844 280 1928 Scythas
302 1847 414 1914 idcirco
436 1850 600 1914 uoluerunt
623 1850 751 1928 deuinci‚
775 1851 854 1931 quod
876 1848 1052 1913 habitarent
1071 1849 1102 1911 et
1122 1846 1272 1931 degerent

150 1949 183 2013 in
206 1967 310 2015 eorum
331 1952 475 2035 gentibus
490 1953 673 2018 Christiani:
696 1952 951 2037 quemadmodum
966 1951 1112 2016 Romanis
1133 1950 1305 2014 tribuerem

150 2052 321 2133 uictoriam,
343 2074 413 2120 cum
435 2057 607 2121 habitarent
629 2058 660 2121 et
681 2057 827 2142 degerent
848 2056 882 2120 in
897 2074 1000 2120 eorum
1023 2072 1141 2137 quoque
1162 2054 1271 2137 genti-

84 2155 206 2226 f.o1>bus
228 2156 419 2223 Christiani?
453 2160 480 2223 si
502 2159 534 2224 in
555 2160 644 2235 Asia,
674 2158 761 2242 Syria
781 2158 893 2223 idcirco
915 2177 1016 2223 mures
1046 2158 1078 2221 et
1105 2156 1242 2222 locustas
1262 2157 1268 2244 Ι

150 2258 340 2326 efferuescere
354 2263 566 2346 prodigialiter
579 2263 753 2340 uoluerunt,
776 2261 852 2343 quod
877 2261 994 2325 ratione
1009 2258 1161 2324 consimili
1176 2259 1269 2324 habi-

75 2437 77 2444 ,
148 2364 249 2428 tarent
270 2364 305 2427 in
326 2382 430 2429 eorum
452 2365 596 2448 gentibus
618 2363 800 2429 Christiani:
834 2364 866 2427 in
888 2363 1054 2445 Hispania,
1085 2361 1190 2430 Callia
1212 2381 1269 2427 cur

149 2465 254 2530 eodem
275 2467 410 2549 ternpore
431 2467 540 2532 horum
563 2468 641 2532 nihil
663 2470 771 2560 natum
786 2468 842 2545 est,
866 2485 935 2531 cnm
954 2466 1107 2530 innumeri
1122 2465 1301 2531 uiuerento

149 2568 182 2632 in
203 2568 252 2633 his
274 2587 392 2652 quoque
413 2570 578 2652 prouinciis
600 2568 789 2635 Christiani?
826 2569 852 2634 si
881 2571 961 2651 apud
983 2569 1140 2646 Gaetulos,
1157 2570 1178 2648 †
1193 2587 1267 2633 cum

149 2671 308 2753 aquitanos
340 2673 431 2737 huius
459 2672 505 2737 rei
532 2692 621 2738 causa
649 2673 818 2737 siccitatem
848 2672 923 2736 satis
945 2672 1180 2752 ariditatemque
1200 2671 1265 2736 mi-

149 2777 263 2853 serunt,
286 2793 319 2839 eo
342 2795 419 2841 anno
442 2794 495 2840 cur
515 2794 628 2841 messes
650 2775 857 2859 amplissimas
879 2775 996 2840 Mauris
1012 2774 1265 2856 Nomadibusque

148 2878 339 2957 tribuerunt,
372 2898 441 2943 cum
463 2879 570 2963 religio
593 2879 705 2944 similis
727 2878 776 2943 his
799 2897 917 2960 quoque
939 2878 971 2941 in
993 2877 1167 2960 regionibus
1189 2896 1263 2942 uer·

148 2983 286 3048 teretur?
319 2983 346 3048 si
367 2983 400 3047 in
422 2982 549 3046 ciuitate
571 2981 771 3062 unaqualibet
792 2981 874 3045 fame
888 2979 1037 3063 plurimos
1053 2979 1149 3043 emori
1163 2980 1262 3044 nostri
1273 2999 1300 3039 se

147 3085 279 3150 nominis
301 3085 459 3150 auersione
480 3085 627 3163 fecerunt,
650 3103 705 3149 cur
726 3083 843 3149 ibidem
865 3083 1029 3148 annonaria
1049 3082 1178 3147 caritate
1201 3101 1262 3147 non

147 3187 270 3252 tanturn
293 3189 424 3271 corporis
452 3206 512 3252 non
540 3187 638 3251 nostri
666 3206 773 3250 uerum
802 3186 895 3251 etiarn
918 3184 1105 3250 Christianos
1134 3184 1262 3251 ditiores

148 3293 179 3356 et
200 3291 455 3373 locupletissimos
478 3289 696 3355 reddiderunt?
729 3291 784 3354 aut
805 3290 902 3374 igitur
924 3278 1121 3354 cuncti'nihil
1142 3289 1263 3353 laetum

181 3580 196 3633 1
214 3578 315 3648 quisset
332 3579 442 3648 scripsi:
465 3579 524 3648 quis
542 3579 570 3633 P
593 3578 639 3647 qui
656 3578 720 3644 Sub,
738 3595 753 3631 r
776 3579 864 3648 quiret
885 3578 938 3633 Urs
1043 3580 1060 3633 2
1078 3578 1169 3632 durare
1194 3578 1264 3634 Urs.-

146 3666 252 3719 duraret
270 3666 296 3719 P
405 3665 479 3719 uitae
495 3663 713 3719 Klossaoccous:
732 3666 764 3717 ut
782 3664 869 3718 Pom
887 3663 942 3719 Sub
1052 3663 1070 3718 4
1087 3666 1116 3718 st
1139 3663 1192 3718 Ure

145 3751 313 3806 abundantis
325 3752 352 3806 P
418 3749 598 3805 abundantiis.
610 3767 701 3804 rursus
713 3756 777 3805 cote
788 3751 1008 3805 Klrcesmcmcam
1076 3752 1093 3805 5
1105 3752 1134 3803 at
1149 3749 1203 3804 Ure

144 3837 262 3892 uictoris
280 3839 307 3893 P
407 3837 520 3891 8famis
537 3838 565 3891 P
581 3853 642 3892 corr
753 3837 786 3890 10
803 3835 964 3890 ludricrisP
980 3853 1043 3890 corr·
1153 3837 1186 3888 11
1205 3853 1264 3891 sese

144 3939 190 3992 per
215 3923 390 3979 offensionum
415 3923 622 3978 recordationem
645 3923 697 3978 Uro
803 3929 867 3991 post
893 3921 1064 3976 offensionum
1089 3923 1265 3978 datmcidiaec

143 4010 276 4064 uideatur
298 4027 368 4064 nunc
385 4013 461 4064 uenia
478 4026 548 4063 nunc
565 4010 610 4063 ocal
620 4000 736 4063 cimelia
822 4009 855 4062 13
867 4008 1029 4062 ahamannos
1041 4009 1069 4062 P
1079 4022 1141 4062 corr
1157 4009 1263 4064 Alanos

148 4095 201 4150 Urs
337 4097 370 4151 14
387 4099 474 4164 scytas
492 4097 520 4150 P
592 4138 595 4143 ,
655 4095 686 4149 17
704 4095 843 4149 christiani
861 4095 928 4157 Sub,
946 4111 976 4148 r.-
999 4094 1192 4149 christianisP

142 4181 176 4236 21
194 4182 299 4250 getulos
317 4183 345 4236 P
428 4185 487 4235 tum
504 4181 652 4249 Aquitanos
670 4179 725 4235 Sub
741 4184 769 4234 et
786 4180 944 4250 Tingitanos
967 4181 1019 4235 Urs
1109 4180 1144 4233 25
1161 4184 1264 4239 semoti

142 4265 248 4345 Pcorr
350 4267 384 4321 28
401 4266 465 4320 laeti
485 4266 540 4320 Sub
