2760 4808
217 351 259 417 50
516 345 660 401 Arnobii
683 345 840 400 aduersus
863 344 1018 398 nationes

182 602 188 611 p
216 521 361 603 inquitis,
395 538 468 585 uara
494 539 559 586 esse
587 538 663 602 quae
684 518 769 583 dicit.
806 517 880 599 quid
902 517 1006 582 enim?
1033 534 1111 597 qnae
1133 534 1188 581 uos
1208 515 1334 599 negatis

217 643 289 690 uera
311 642 390 702 esso,
414 640 473 701 non
496 640 568 688 uera
591 640 655 699 esse
676 620 757 702 apud
778 637 833 685 uos
854 620 967 702 liquet,
990 638 1061 684 oum
1082 619 1278 685 imminentia
1301 619 1334 684 at

217 727 352 791 nondum
379 743 468 808 passa
495 725 590 801 nullis
617 725 734 807 possint
762 722 934 788 rationibus
956 721 1105 787 refutari?
1136 723 1190 788 sad
1211 725 1245 786 st
1266 723 1344 816 ipss·

218 847 295 910 quae
327 828 488 911 pollioetur
521 845 580 891 non
611 829 727 908 probat.
765 826 810 892 ite
843 828 904 891 est:
942 825 1028 890 nulla
1061 825 1158 904 anim,
1192 827 1229 891 ut
1257 825 1331 904 dixi,

218 930 392 1008 futurorum
411 931 513 1012 polest
534 930 662 995 existere
684 929 897 1011 comprobatio.
928 948 997 994 oum
1020 948 1090 1013 ergo
1113 929 1185 994 haoo
1202 929 1245 994 sit
1260 947 1363 993 oon-e

218 1035 296 1100 dieio
318 1035 501 1112 futurorum,
524 1036 559 1098 ut
573 1033 669 1099 teneri
684 1036 715 1098 et
729 1031 943 1114 comprehendi
957 1033 1075 1098 nullius
1089 1032 1206 1115 possint
1221 1031 1330 1097 antici·

132 1138 348 1229 sarpedonis
364 1139 493 1215 attaotu,
514 1154 612 1201 nonne
633 1136 737 1219 purior
758 1137 837 1202 ratio
859 1138 915 1218 eat,
938 1135 1108 1202 oxduobus
1126 1133 1275 1220 lineantis
1302 1138 1332 1201 et

217 1241 250 1307 in
265 1239 411 1323 ambigua
424 1239 647 1321 exspeotatione
660 1238 864 1320 pendentibus
878 1239 911 1303 id
925 1238 1027 1320 potius
1042 1238 1162 1304 eredere
1176 1238 1259 1320 qnod
1273 1237 1330 1303 ali-
1366 1229 1370 1244 ⁴

218 1361 295 1426 quas
317 1360 384 1424 spes
406 1341 483 1407 ferat
504 1361 596 1424 quam
611 1342 734 1410 omniuo
749 1342 830 1423 quod
843 1341 967 1406 nullas?
988 1340 1091 1407 inille
1106 1340 1189 1406 enim
1204 1340 1331 1423 perieuli

219 1445 298 1513 nihil
313 1448 368 1525 osb,
385 1445 412 1511 si
426 1445 507 1526 quod
521 1445 634 1511 dioitur
648 1445 807 1510 imminere
821 1463 941 1512 oassum
956 1443 1010 1510 fiat
1025 1447 1056 1509 et
1067 1463 1214 1523 ueouum3
1230 1444 1264 1508 in
1277 1445 1356 1510 hoen

220 1547 365 1613 damnum
388 1550 433 1613 est
454 1547 624 1613 maximum
646 1547 747 1613 idest
769 1547 878 1613 salutis
901 1547 1040 1626 emissio,
1069 1539 1096 1613 si
1117 1565 1188 1612 oum
1211 1549 1331 1629 tempus

192 1650 378 1717 taduenerit
411 1650 565 1733 aperiatur
596 1668 655 1715 non
692 1648 785 1716 fuisso
818 1650 1020 1716 mendaoium.
1058 1649 1133 1732 quid
1164 1648 1283 1730 dicitis,
1315 1668 1332 1713 o

219 1754 322 1830 neseii,
344 1754 438 1819 etiam
459 1754 534 1820 fletu
556 1758 587 1819 st
608 1754 802 1820 miseralione
824 1754 1021 1839 dignissimi?
1042 1754 1087 1818 ita
1106 1772 1168 1819 non
1190 1754 1332 1820 extimos·

221 1857 305 1935 oitis,
338 1875 376 1922 ne
402 1856 481 1922 forte
506 1857 581 1922 haee
609 1876 683 1922 uara
709 1857 772 1922 sint
804 1876 880 1938 quae
908 1860 981 1923 sunt
1009 1856 1165 1938 despectui
1193 1856 1282 1922 nobis
1304 1858 1332 1920 et

219 1961 364 2041 praebent
386 1960 548 2025 materiam
574 1960 676 2026 maus?
708 1979 762 2026 neo
789 1960 899 2026 saltem
927 1960 1086 2026 nobiseum
1112 1960 1168 2024 suh
1196 1958 1332 2024 obscuris
1341 1987 1360 2026 a

219 2062 456 2146 rogitatiouibus
488 2062 629 2141 uoluitis,
664 2082 703 2127 na
734 2063 814 2145 quod
845 2062 902 2128 hoe
934 2063 983 2128 die
1019 2061 1140 2128 eredere
1177 2061 1333 2127 obstinata

220 2166 347 2231 renuitis
369 2166 585 2248 peruersitate,
608 2165 771 2250 redarguat
793 2184 895 2232 serum
916 2169 1037 2248 tompus
1062 2167 1094 2229 et
1117 2164 1333 2230 inreuooabilis

220 2269 408 2351 paenitentia
429 2270 582 2353 castiget?
603 2287 702 2335 nonne
725 2269 776 2335 uel
790 2271 863 2334 haee
878 2269 991 2334 saltem
1005 2268 1098 2334 fidem
1112 2268 1200 2333 uobis
1216 2267 1335 2333 faciunt

221 2373 403 2454 argumenta
425 2371 576 2450 credendi,
599 2372 679 2453 qnod
700 2372 764 2436 iam
785 2368 839 2453 per
860 2388 963 2437 omnes
984 2372 1083 2437 terras
1105 2371 1139 2436 in
1161 2372 1228 2436 tam
1248 2369 1335 2436 breui

221 2473 368 2556 temporis
390 2474 490 2555 spatio
505 2475 638 2538 inmensi
659 2473 794 2539 nominis
808 2473 900 2538 huius
915 2475 1104 2539 sacramenta
1118 2473 1231 2539 diffusa
1246 2474 1334 2550 sunt;
1343 2499 1366 2538 ao

221 2575 302 2657 quod
323 2575 411 2640 nulla
431 2576 495 2640 iam
517 2577 600 2641 natio
616 2578 663 2641 est
678 2577 742 2641 tem
764 2576 888 2642 barbari
909 2578 1004 2643 moris
1020 2564 1052 2642 et
1067 2576 1335 2642 mansuetudinem

100 2713 105 2728 κ
221 2679 372 2762 nesoiens,
406 2697 482 2762 quae
513 2696 573 2744 non
604 2679 669 2745 sius
701 2696 803 2745 amore
832 2698 921 2746 uersa
942 2680 1113 2746 molliuorit
1135 2680 1336 2763 asperitatem

223 2800 312 2845 suam
334 2783 365 2845 et
377 2781 568 2864 inplaoidos
590 2800 696 2847 sensus
711 2782 874 2866 adsumpta
889 2783 1116 2865 tranquillitate
1137 2782 1336 2867 migranerit3

190 2944 192 2950 Α
223 2884 304 2966 quod
325 2886 391 2949 tam
420 2885 540 2969 magnis
568 2884 701 2969 ingeniis
729 2885 862 2968 praediti
892 2887 1025 2951 oratores
1047 2884 1245 2968 grammatiei
1266 2886 1337 2952 rha-

193 2989 303 3053 ttorss
332 2987 465 3052 oonsulti
494 2987 569 3052 iuris
594 3006 629 3053 ao
644 2987 765 3067 modiei,
794 2988 1003 3069 philosophiae
1032 2988 1127 3053 otiam
1155 2990 1272 3054 saerata
1293 2987 1368 3054 ri-ee

188 3110 194 3130 ·
223 3093 341 3156 mantes
374 3091 553 3173 magisteria
581 3091 655 3157 hese
682 3091 829 3174 expetunt
860 3090 972 3174 spretis
1002 3091 1113 3173 quibus
1144 3092 1236 3173 paulo
1267 3093 1338 3156 anto

191 3216 198 3235 ⁴
223 3191 373 3269 fidebant;
407 3193 488 3275 quod
509 3193 547 3259 ah
570 3193 702 3259 dominis
725 3212 757 3259 se
779 3193 860 3259 serui
886 3193 1074 3261 eruciatibus
1104 3192 1196 3260 adfiei
1223 3195 1338 3276 quibus

223 3295 390 3377 statuerint
417 3296 552 3375 malunt,
586 3295 666 3367 solui
693 3295 837 3380 eoniuges
866 3296 1087 3375 matrimoniis,
1120 3297 1340 3362 exheredatis

143 3394 149 3401 ’
224 3397 400 3476 perentibus
422 3398 511 3463 liberi
533 3417 626 3480 quam
648 3398 740 3485 fidem
760 3417 900 3480 rumpere
922 3397 1128 3464 Christianam
1143 3400 1174 3464 et
1189 3400 1339 3466 salutaris

142 3512 206 3563 seo
224 3500 355 3566 militias
381 3498 385 3586 Ι
412 3501 599 3566 sacramenta
627 3503 788 3584 deponere;
823 3502 903 3583 quod
934 3521 1004 3566 oum
1033 3521 1143 3586 genera
1170 3519 1370 3585 poenarume·

258 3756 397 3826 lnegetis
416 3755 444 3809 P
529 3755 616 3809 2non
633 3771 695 3809 nera
713 3771 768 3810 ease
785 3755 884 3812 addidi
969 3756 1071 3826 liquent
1090 3757 1174 3812 Sob-
1230 3757 1342 3813 3eassa

229 3843 282 3898 Urs
305 3843 414 3898 ‘assidit
435 3847 485 3897 out
501 3842 676 3896 mouentibus
693 3844 746 3896 aut
759 3841 919 3908 definitione
935 3847 986 3897 out
1002 3845 1153 3912 utrumquo’
1176 3841 1342 3899 Kisamon·

225 3945 277 3983 mas
390 3928 572 3982 6futnrorum
591 3927 661 3982 Sub:
690 3927 837 3981 futurarum
855 3929 883 3982 P
994 3927 1152 3983 'lattaotue
1169 3929 1196 3982 P
1301 3931 1342 3984 ast

231 4014 293 4068 Get.-
319 4018 359 4068 est
376 4016 403 4067 at
420 4015 447 4068 P
556 4013 589 4067 10
606 4013 630 4066 si
647 4013 704 4068 odd
726 4012 777 4067 ser
887 4015 920 4067 12
937 4015 1000 4083 non]
1019 4015 1068 4068 hoo
1087 4014 1142 4068 Sub
1245 4015 1280 4068 14
1298 4014 1343 4069 da·

226 4099 328 4166 speetui
340 4099 408 4154 Sub:
426 4100 595 4170 dispeotuiP
691 4100 724 4155 17
735 4102 867 4155 rennuitis
881 4101 957 4156 Pete
967 4102 1027 4168 fero
1038 4117 1142 4170 semper
1240 4101 1274 4156 18
1287 4118 1368 4158 oas-

226 4184 313 4252 tigaet
325 4187 352 4239 P
363 4200 423 4240 oerr
523 4186 558 4240 20
573 4188 690 4255 tempore
703 4184 759 4241 Sab
861 4186 946 4255 spatio
959 4186 1044 4241 Salem
1063 4188 1090 4240 et
1100 4186 1177 4256 parui
1189 4186 1217 4239 P
1233 4188 1261 4240 et
1280 4203 1370 4258 par-

227 4286 261 4324 uo
274 4271 327 4326 Sub
427 4272 461 4326 21
477 4272 578 4328 ba¹bnri
594 4272 621 4327 P
721 4272 755 4327 26
773 4273 885 4341 optastis
903 4273 931 4328 P
1031 4272 1065 4328 29
1082 4287 1204 4341 rumpere
1222 4272 1250 4326 P
