2760 4808
548 335 649 389 Liber
665 335 703 389 H.
1140 336 1184 402 53

63 527 119 573 nos
153 509 300 586 dicimus,
332 508 486 574 radiorum
519 512 550 572 et
582 507 710 572 luminis
749 506 917 572 intentione
950 507 1109 573 uideamus
1142 527 1181 573 an

62 631 166 676 rerum
188 612 340 695 imagines
369 611 513 677 aduolant
534 612 566 675 et
588 611 701 676 nostris
722 611 755 675 in
777 611 902 694 pupulis
924 611 1044 689 sidant3
1078 613 1182 675 utrum

63 732 154 797 sapor
182 715 215 779 in
245 715 336 780 rebus
368 714 410 779 sit
443 733 483 780 an
511 714 609 797 palati
638 714 871 798 contagionibus
899 714 971 791 fiat3
1006 715 1116 796 quibus
1147 733 1183 778 ex

64 818 164 882 causis
191 818 248 899 pili
282 818 435 901 nigrorem
469 817 643 900 ingenitum
669 819 784 900 ponant
816 837 913 900 neque
939 837 1045 882 omnes
1067 818 1182 899 pariter

41 922 116 986 ised
144 921 297 1004 paulatim
327 919 484 986 adiciendo
511 917 515 1004 Ι
542 920 717 996 canescant;
754 919 829 1002 quid
857 919 899 985 sit
929 920 1010 1002 quod
1038 920 1267 987 humoresaaob

62 1024 201 1090 uniuersi
222 1042 319 1088 unum
342 1041 450 1104 corpus
473 1022 609 1088 efficiant
630 1023 788 1104 mixtione,
812 1023 910 1090 solum
933 1023 1035 1088 oleum
1059 1025 1183 1105 respuat

62 1126 280 1192 inmersionem
301 1127 336 1190 in
359 1145 391 1191 se
418 1126 500 1210 pati,
535 1126 588 1192 sad
613 1126 647 1190 in
675 1145 763 1191 suam
789 1128 932 1191 naturam
959 1126 1182 1207 inpenetrabile

62 1249 184 1313 semper
206 1230 362 1312 perspicue
384 1228 566 1313 colligatur;
594 1229 659 1312 ipse
682 1229 965 1311 denique-animus,
989 1229 1042 1310 qui
1064 1229 1181 1294 inmor-

62 1334 137 1400 talis
159 1351 178 1398 a
199 1332 286 1397 uobis
308 1334 340 1397 et
368 1331 442 1397 deus
477 1350 542 1396 csse
571 1335 723 1409 narratur,
750 1351 804 1397 cur
824 1331 857 1395 in
886 1331 984 1415 aegris
1012 1349 1101 1414 aeger
1128 1331 1179 1409 sit,

25 1439 96 1502 roin
123 1435 295 1502 infantibus
322 1435 468 1513 stolidus,
500 1434 534 1498 in
560 1435 714 1499 senectute
736 1434 884 1514 defessus,
920 1435 1017 1501 delira
1038 1435 1181 1501 ecfnttiat

62 1542 93 1605 et
114 1541 244 1604 meana?
265 1557 374 1604 uerum
394 1537 558 1603 infirmitas
578 1540 610 1602 et
629 1537 791 1603 inscientia
809 1539 994 1603 miserabilis
1009 1539 1066 1604 boe
1080 1538 1180 1621 magis

62 1645 119 1722 est,
143 1641 224 1724 quod
246 1659 317 1706 eum
338 1640 404 1706 fieri
425 1641 536 1722 possit,
561 1642 597 1704 ut
619 1641 684 1705 ueri
706 1641 825 1723 aliquid
846 1641 1009 1724 aliquando
1031 1642 1179 1722 dicamus,

61 1748 93 1811 et
115 1746 173 1810 hoe
198 1746 301 1826 ipsum
327 1745 415 1810 nobis
442 1746 594 1811 incertum
622 1746 679 1825 sit,
712 1765 751 1810 an
774 1747 840 1811 ueri
862 1747 979 1829 aliquid
1001 1747 1178 1811 dixerimus.

61 1852 93 1915 et
114 1849 259 1931 quoniam
281 1849 379 1914 ridere
404 1849 541 1913 nostram
562 1848 668 1913 fidem.
686 1849 853 1914 consuestis
876 1852 967 1932 atque
990 1850 1091 1933 ipsam
1113 1852 1208 1914 cre-8

24 1953 229 2019 sedulitatem
260 1952 379 2016 facetiis
411 1951 598 2017 iocularibus
628 1952 800 2032 lancinare,
834 1952 941 2036 dicite,
976 1971 993 2016 o
1021 1953 1126 2018 festini
1149 1955 1180 2019 et

27 2066 31 2072 '
62 2073 182 2122 meraco
216 2055 384 2138 sapientiae
415 2055 507 2119 tincti
530 2055 561 2118 et
583 2056 681 2120 saturi
708 2059 799 2138 potu,
833 2057 917 2121 estne
938 2057 1038 2139 operis
1059 2057 1093 2121 in
1114 2057 1180 2121 uita
1208 2038 1217 2122 ἓ

62 2160 254 2244 negotiosum
277 2158 401 2240 aliquod
423 2158 515 2240 atque
539 2161 701 2223 actuosum
716 2177 822 2241 genus,
847 2159 927 2240 quod
943 2177 1002 2223 non
1017 2157 1076 2223 fide
1090 2177 1179 2240 prae·
1207 2152 1218 2247 ξ

62 2265 153 2328 eunte
186 2261 357 2344 suscipiant
389 2264 515 2325 sumant
548 2263 640 2343 atque
673 2260 892 2344 adgredientur
919 2263 1057 2326 actores?
1092 2281 1179 2344 pere·

62 2365 240 2450 grinamini,
264 2365 419 2447 nauigatis
442 2383 502 2429 non
524 2364 650 2430 domum
672 2384 727 2430 uos
749 2365 907 2429 credentes
929 2365 1061 2446 peractis
1083 2382 1178 2448 nego-

31 2469 245 2535 rotiationibus
271 2468 484 2532 remeaturos?
516 2468 631 2532 terram
659 2467 739 2532 ferro
769 2468 910 2533 scinditis
933 2470 1025 2550 atque
1047 2468 1201 2559 oppletis

62 2573 216 2637 seminum
238 2571 387 2636 uarietate
409 2588 469 2635 non
492 2571 649 2635 credentes
677 2589 731 2634 uos
752 2570 874 2654 frugem
896 2573 1090 2654 percepturos
1113 2590 1178 2637 esse

61 2677 182 2742 uicibus
204 2674 419 2756 temporariis?
453 2674 626 2756 coniugalia
647 2674 798 2756 copulatis
820 2674 970 2738 consortia
991 2692 1051 2739 non
1073 2675 1179 2740 futura

62 2798 126 2844 esse
148 2777 306 2842 credentes
329 2779 413 2841 casta
435 2778 466 2841 et
488 2776 616 2841 officiosi
637 2776 766 2841 foederis
785 2777 822 2840 in
841 2779 990 2842 maritos?
1011 2777 1178 2843 liberorum

59 2881 245 2962 suscepistis
266 2880 383 2963 prolem
404 2899 464 2944 non
486 2880 671 2944 incolumem
693 2880 850 2944 credentes
865 2880 929 2944 fore
945 2881 976 2944 et
990 2898 1043 2961 per
1065 2882 1178 2963 gradus

26 2984 171 3049 amtatis
193 2984 356 3048 uenturam
378 2983 544 3048 senectutis
572 2984 610 3046 ad
632 2985 754 3047 metas?
787 2983 995 3066 aegritudines
1018 3001 1178 3065 corporum

55 3087 251 3174 vmedicorum
278 3085 474 3151 committitis
501 3086 645 3150 manibus
673 3105 732 3150 non
763 3087 919 3151 credentes
947 3084 1068 3150 morbos
1090 3104 1189 3166 posso-

56 3190 206 3272 mitigata
228 3189 395 3271 asperitate
415 3189 526 3253 leniri?
550 3187 631 3252 bella
653 3208 723 3253 cum
745 3188 885 3254 hostibus
907 3189 1015 3272 geritis
1030 3206 1090 3253 non
1112 3188 1177 3253 uic·

55 3295 172 3358 teriam
206 3311 259 3358 uos
292 3293 447 3358 credentes
474 3290 478 3377 Ι
504 3293 690 3374 proeliorum
725 3292 966 3358 successionibus
1002 3292 1246 3360 relaturoslf.ar

95 3493 383 3548 ladiommPcorrc
467 3494 608 3548 2etScb:
626 3494 678 3548 eP
759 3494 868 3563 pupulis
881 3493 949 3548 Sub.-
966 3493 1112 3562 populisP

57 3579 296 3648 'limpenetrabile
313 3579 382 3634 Sub:
412 3579 614 3648 inpenetrabilis
633 3580 660 3633 P
795 3579 982 3648 8perspicuae
1006 3580 1033 3633 P
1049 3595 1111 3633 corr

57 3666 94 3720 10
111 3665 228 3719 defessus
245 3664 328 3718 delira
345 3664 469 3718 eciuttiat
486 3671 514 3719 et
531 3664 645 3718 insana?
670 3681 764 3718 uerum
780 3665 891 3732 scripsi:
913 3663 1030 3718 defessus
1048 3663 1132 3718 dedra
1150 3669 1177 3718 et

56 3753 153 3806 futura
175 3755 203 3805 et
227 3752 323 3804 insana
339 3767 450 3820 quorum
467 3752 495 3805 P
518 3750 654 3804 defessus?
679 3752 762 3804 delira
780 3753 806 3804 et
823 3751 897 3804 fatua
915 3752 942 3803 et
959 3750 1051 3803 insana
1068 3765 1178 3817 quorum

61 3838 114 3893 aa
132 3837 247 3891 defessus
270 3836 364 3891 deliret
382 3839 410 3890 et
430 3837 503 3890 fatue
520 3838 548 3889 et
570 3836 683 3890 insane?
712 3852 825 3904 quorum
848 3837 884 3892 N.
902 3836 1036 3889 Heinsius
1052 3834 1178 3903 defessus,
1295 3888 1298 3893 ,

56 3924 144 3978 delira
165 3923 272 3977 effutiat
296 3924 324 3976 et
341 3922 456 3977 insana?
483 3938 595 3991 quorum
626 3923 755 3977 chleroa
891 3923 923 3975 11
948 3921 1089 3974 inscientia
1107 3920 1177 3977 aab:

56 4009 187 4064 incientis
205 4009 233 4063 P
360 4010 393 4063 12
410 4008 481 4077 quod
500 4007 564 4062 Gal:
588 4010 620 4062 nt
637 4008 664 4062 P
681 4010 709 4061 et
726 4007 781 4062 Sub
904 4007 1046 4075 aliquando
1065 4009 1129 4074 Sub,
1147 4024 1177 4061 r:

55 4097 150 4165 aliqua
167 4081 200 4149 db
219 4095 246 4149 P
353 4096 386 4148 16
405 4093 498 4148 *tincti
515 4095 542 4145 P
646 4095 678 4147 18
696 4096 797 4147 actores
814 4093 961 4159 dictersius,
979 4109 1009 4146 r:
1031 4097 1132 4149 attoros
1151 4096 1179 4149 P

56 4199 92 4236 an
110 4182 190 4236 torris
209 4181 264 4236 Sub
367 4180 401 4233 20
419 4178 554 4234 seiinditis
567 4179 594 4233 P
694 4178 729 4232 24
746 4179 904 4247 suscepistis
917 4179 1078 4235 Liuineius.-
1096 4181 1179 4235 susci·

55 4268 138 4338 piatis
158 4268 185 4321 P
201 4266 336 4336 suscipitis
355 4265 408 4320 Sub
511 4266 544 4319 26
563 4263 727 4319 committitis
746 4265 773 4318 P
