2760 4808
175 353 217 418 62
480 351 621 407 Arnobii
641 353 797 407 aduersus
820 351 976 406 nationes

173 525 267 602 ratio,
298 542 351 605 per
373 541 464 605 quam
488 542 594 589 sumus
616 525 749 605 potiores
771 524 952 589 animalium
974 523 1137 608 generibus
1159 524 1287 590 cuncus.

57 622 64 635 ’
151 651 154 655 ·
174 628 246 710 quia
266 627 354 692 nobis
377 627 532 693 domicilia
554 627 690 706 fecimus,
714 626 825 709 quibus
840 629 991 710 possimus
1011 627 1157 692 hiemalia
1172 627 1288 711 frigora

174 733 206 796 et
227 731 354 797 aestatis
384 731 562 816 flagrantias
585 732 722 797 euitare?
752 730 841 821 quid,
870 731 1042 797 animantia
1068 732 1169 796 cetera
1197 731 1288 796 huius

151 835 218 916 'rei
243 835 466 918 prouidentiam
497 853 557 900 non
585 835 719 901 habenti
752 851 852 899 nonne
881 833 943 898 alia
970 833 1123 898 cernimus
1144 835 1288 915 opportu-

173 937 308 1003 nissimis
330 937 453 1003 sedibus
474 937 596 1002 nidulos
619 938 678 1002 sibi
701 938 884 1015 construere,
907 937 1082 1001 mansiones
1097 935 1159 1001 alia
1174 955 1191 1000 e
1207 936 1315 1001 sarias

172 1042 204 1107 et
225 1041 352 1124 rupibus
374 1042 479 1126 tegere
501 1042 532 1106 et
555 1041 742 1107 communire
764 1040 934 1122 suspensis,
964 1050 1113 1105 excauare‘
1136 1037 1201 1104 alia
1228 1038 1288 1102 tel·

171 1144 248 1210 luris
270 1144 335 1209 sola
356 1145 386 1215 et
408 1144 440 1208 in
463 1143 653 1210 fossibilibus
675 1144 772 1210 foueis
794 1144 948 1210 tutamina
973 1143 1098 1208 sibimet
1120 1142 1151 1206 et
1173 1140 1288 1206 cubilia

170 1249 371 1331 praeparare?
399 1245 507 1328 quodsi
530 1246 688 1312 ministras
710 1265 819 1313 manus
840 1246 906 1312 illis
928 1245 1024 1311 etiam
1046 1244 1157 1310 donare
1179 1261 1288 1327 pareus

101 1359 107 1378 ¹
170 1352 281 1415 natura
302 1349 461 1428 uoluisset,
484 1346 656 1416 dubitabile
671 1366 732 1414 non
747 1348 835 1426 foret,
858 1349 933 1431 quin
949 1352 979 1413 et
994 1349 1063 1430 ipsa
1077 1348 1288 1413 construerent

170 1453 326 1518 moenium
341 1451 404 1517 alta
418 1451 545 1537 fastigia
561 1454 592 1517 et
606 1452 787 1518 artificiosas
803 1452 987 1518 excuderent
1000 1452 1161 1517 nouitates.
1182 1452 1318 1517 tamena

169 1557 201 1621 in
223 1557 272 1622 his
294 1555 369 1637 ipsis
391 1575 468 1638 qnae
490 1556 598 1621 rostris
621 1558 712 1638 atque
734 1555 891 1640 unguibus
914 1555 1042 1633 faciunt,
1066 1555 1167 1620 multa
1187 1555 1288 1619 inesse

169 1659 374 1742 conspicimus
407 1659 536 1724 rationis
564 1661 596 1724 et
624 1659 795 1742 sapientiae
828 1658 1005 1738 simulacra,
1040 1676 1117 1740 quae
1148 1657 1289 1722 homines

167 1762 285 1826 imitari
309 1762 394 1827 nulla
416 1763 618 1828 meditatione
632 1764 796 1846 possimus,
819 1762 963 1844 quamuis
985 1761 1048 1826 sint
1062 1760 1149 1826 nobis
1164 1760 1288 1844 opifices

125 1860 281 1931 lssmanus
314 1867 405 1947 atquo
438 1867 522 1930 omni
556 1886 665 1951 genere
693 1866 888 1948 perfectionis
918 1865 1058 1931 artifices.
1092 1865 1212 1929 uestem
1234 1865 1290 1929 illa

170 1986 230 2032 non
251 1969 377 2046 nomnt,
406 1968 497 2034 sellas
518 1988 613 2035 naues
635 1972 726 2052 atque
748 1971 849 2034 aratra
870 1969 1051 2052 compingere
1080 1985 1135 2032 neo
1156 1967 1321 2050 deniquea

170 2071 396 2154 superlectilem
418 2073 551 2137 ceteram
574 2091 665 2153 quam
685 2071 851 2138 familiaris
870 2091 942 2136 usus
958 2071 1100 2154 exposcit.
1134 2087 1194 2135 non
1216 2071 1290 2135 sunt

150 2170 230 2238 ‘ista
261 2173 406 2238 scientiae
438 2191 567 2239 munera
596 2175 647 2239 sed
678 2175 890 2258 pauperrimae
922 2173 1113 2239 necessitatis
1147 2173 1289 2239 inuenta.

168 2293 264 2358 neque
289 2295 360 2341 cum
388 2276 500 2342 animis
522 2279 603 2342 artes
626 2277 702 2343 caeli
725 2297 760 2342 ex
782 2277 990 2361 penetralibus
1013 2277 1204 2356 ceciderunt,
1235 2277 1291 2342 sed

168 2378 336 2460 exquisitae
359 2380 390 2444 et
411 2381 500 2444 natae
527 2381 655 2446 suntin
679 2382 769 2446 terris
797 2381 847 2447 hic
874 2399 977 2446 omues
1000 2381 1032 2446 et
1053 2399 1122 2445 cum
1145 2398 1290 2463 processu

84 2494 103 2544 f.
113 2479 177 2566 aab!
202 2481 376 2562 temporum
403 2482 555 2562 paulatim
583 2483 782 2548 meditatione
812 2483 970 2550 conflatae.
1004 2484 1112 2565 quodsi
1139 2482 1322 2548 baberentru

168 2582 311 2648 scientias
338 2585 477 2663 animae,
511 2603 587 2667 quas
615 2604 712 2670 genus
741 2586 859 2652 scilicet
887 2586 997 2652 habere
1024 2586 1167 2650 diuinum
1195 2586 1289 2668 atquc

164 2685 341 2752 immortale
361 2688 559 2770 mondignum
588 2689 649 2768 ost,
683 2690 722 2753 ab
755 2689 843 2755 initio
876 2690 1015 2755 homines
1049 2689 1151 2754 cuncti
1184 2689 1290 2754 omnia

167 2787 280 2855 scirent
307 2807 363 2854 nec
390 2790 548 2856 saeculum
575 2793 655 2857 esset
687 2792 803 2872 ullum,
838 2792 918 2875 quod
944 2792 1020 2858 artis
1042 2793 1122 2856 esset
1143 2793 1288 2876 ignarum

167 2893 297 2958 alicuius
320 2895 374 2957 aut
394 2912 497 2959 rerum
520 2895 707 2977 experientia
734 2913 793 2960 non
815 2897 968 2978 paratum.
1002 2914 1084 2960 nuno
1105 2912 1176 2958 uem
1199 2895 1288 2979 inops

166 2997 233 3062 uita
255 2998 286 3062 et
309 2997 477 3063 multarum
500 2998 640 3084 indigens
662 3017 765 3064 rerum
788 2999 918 3064 fortuita
932 2999 1120 3080 conspiciens
1135 2999 1317 3080 quaedama

154 3100 358 3167 commodule
379 3102 548 3184 prouenire‚
574 3103 647 3168 dum
662 3103 806 3168 imitatur
828 3101 984 3185 experitur
998 3104 1029 3167 ct
1044 3102 1187 3184 temptat,
1211 3103 1287 3168 dum

166 3202 283 3269 labitur
304 3203 451 3269 reformat
472 3204 634 3288 immutat,
659 3224 695 3269 en
717 3206 846 3270 adsidua
867 3205 1099 3286 reprehensione
1120 3223 1232 3286 paruas
1256 3209 1287 3272 at

166 3305 361 3399 concinnauit
388 3307 564 3373 scientiolas
586 3308 700 3372 artium
722 3309 753 3373 et
776 3307 933 3374 adunam
956 3307 1072 3373 exitum
1095 3308 1285 3390 temporibus

199 3594 217 3648 b
245 3595 352 3649 nidulos
377 3596 492 3665 scripsi:
521 3595 672 3650 nidulorum
699 3597 727 3650 P
858 3598 1009 3651 construere
1038 3597 1202 3663 mansiones,
1232 3598 1285 3652 alia

165 3682 250 3751 culpo
385 3682 439 3735 alia
457 3698 471 3735 e
488 3682 599 3750 scripsi.-
625 3682 694 3736 aliae
711 3683 739 3736 P
762 3682 816 3737 alia
834 3683 890 3738 Sub
1027 3683 1097 3737 saxis
1115 3700 1142 3738 se
1164 3686 1217 3740 Urs
1282 3699 1284 3708 ·

166 3743 336 3827 ἵχΐοεείἶὶὴιιε
355 3767 410 3823 aab
535 3767 642 3821 sibimet
660 3767 728 3822 Sub:
745 3769 823 3822 simet
836 3769 862 3822 P
981 3769 998 3822 9
1016 3772 1198 3825 construerent
1219 3772 1285 3827 ceo.-

165 3854 329 3911 construeret
346 3856 373 3910 P
492 3857 524 3910 10
548 3855 704 3910 artificiosas
727 3872 756 3910 r:
782 3855 925 3910 artificiosa
942 3857 970 3910 P
1086 3859 1209 3914 nouitate
1228 3860 1284 3916 Sao

164 3942 285 3998 nauitste
301 3943 353 3998 Urs
451 3944 634 4012 13possumus
647 3942 702 3997 Sub
799 3943 832 3996 14
843 3944 999 4013 omnigenae
1015 3943 1068 3998 Urs
1161 3946 1195 3999 18
1207 3961 1285 4014 peuc-

164 4028 307 4083 trabilibus
325 4029 381 4084 Sao
399 4045 461 4083 corr
477 4030 509 4082 a'a
527 4043 572 4082 arr
673 4029 706 4082 21
724 4028 850 4082 scientias
868 4029 938 4083 Sub.-
966 4029 1065 4082 sentias
1083 4030 1111 4083 P
1212 4031 1286 4086 scili-

68 4152 69 4157 κ
164 4114 459 4183 cctscra‘padretPom
475 4115 650 4169 Gclnosseet
666 4114 803 4169 Volaterras
876 4115 1110 4182 23essetSob,r:
1123 4117 1216 4171 esseP

165 4199 382 4255 illumPoorrc
484 4204 553 4254 esset
566 4200 672 4267 Sabo:
686 4201 778 4255 esseP
939 4190 941 4194 ⁷
