2760 4808
603 335 755 390 Iriber'H.
1195 337 1237 403 65

122 508 240 592 piamus
273 506 415 589 deineeps
448 525 518 573 mox
551 507 686 590 aliquem
714 508 823 573 natum
852 509 884 573 et
899 546 914 576 a
928 507 962 572 in
983 506 1143 573 looi‘illius
1162 507 1234 572 hos-

119 614 246 696 pitium,
283 610 364 694 quod
398 611 510 676 babeat
545 629 610 676 rem
639 610 759 677 nullam
788 613 820 677 et
848 612 891 678 sit
919 612 1008 676 inane
1036 629 1234 690 eouaeuum,

116 716 278 782 Platonica
309 714 383 779 lieet
410 714 466 779 aut
492 713 685 798 Pythagorea
711 715 854 798 progenie
881 716 937 780 ant
961 715 1071 781 horum
1093 715 1234 793 alieuius,

117 821 169 903 qui
194 819 346 885 acuminis
375 817 574 900 perhibentur
595 817 690 885 fnisse
713 819 812 884 diuini
834 820 888 884 aut
910 838 946 885 er
967 820 1060 884 deum
1081 820 1235 904 responsis

100 922 340 1008 »sapientissimi
369 922 546 1004 nuncupati.
580 923 661 1005 quod
689 942 761 988 eum
787 923 891 988 aetum
918 922 1029 1001 fuerit,
1061 923 1173 988 nutriri
1199 924 1236 988 ut

117 1028 229 1093 debeat
261 1026 398 1107 sequitur
429 1028 460 1091 et
493 1023 660 1112 aiitmoniis
693 1026 943 1092 conuenientibus
979 1026 1109 1093 edueari.
1141 1026 1307 1097 ⁴adhi-tes

116 1131 245 1196 beamus
265 1129 364 1212 igitur
385 1128 417 1194 et
438 1129 602 1210 nutricem,
624 1148 703 1212 quae
724 1148 843 1212 semper
864 1130 1094 1208 ademunde,
1115 1148 1236 1213 semper
1335 1201 1338 1205 ,

116 1234 213 1298 silens
235 1232 369 1311 ascedat,
392 1233 523 1297 uerbum
544 1232 667 1297 nullum
689 1231 805 1299 faoiens
826 1251 882 1297 nee
896 1233 929 1298 in
942 1233 1090 1298 sermonis
1104 1233 1235 1300 alieuius

116 1336 356 1402 similitudinem
377 1353 429 1407 ora
451 1337 482 1400 et
504 1335 592 1401 labra
614 1335 752 1417 diducat,
775 1336 829 1400 sed
851 1356 922 1402 oum
943 1355 1095 1402 mammas
1117 1318 1240 1402 dederit

92 1442 147 1505 aet
169 1439 384 1520 consequentia
406 1437 557 1520 supplerit
578 1437 695 1517 offioia,
718 1438 828 1505 datum
849 1439 946 1522 quieti
968 1439 1092 1522 linquat
1113 1441 1145 1504 et
1165 1440 1236 1505 ante

115 1544 194 1608 fores
212 1538 336 1608 'alausas
358 1542 423 1607 dies
445 1542 608 1624 noctesque
630 1541 807 1608 continuet:
830 1545 930 1625 posuit
951 1543 1033 1609 enim
1055 1542 1236 1627 plerumque

115 1666 173 1725 res,
194 1645 345 1711 nutrieias
367 1645 473 1711 adesse
494 1663 581 1710 ouras
604 1647 634 1710 et
656 1646 815 1711 obseruare
836 1647 1037 1729 temporarios
1058 1649 1170 1713 motus.
1202 1649 1236 1712 at

115 1769 187 1816 uero
204 1767 274 1814 oum
289 1750 421 1831 eoeperit
435 1749 632 1815 solidioribus
647 1749 723 1815 oibis
737 1750 840 1816 infans
855 1750 964 1816 debere
979 1749 1092 1829 fulciri,
1114 1750 1235 1817 nutrias

115 1855 287 1919 inferantur
313 1851 352 1917 ab
374 1852 479 1917 eadem
506 1854 593 1918 ueste
622 1854 659 1918 ut
686 1852 820 1918 diximus
847 1854 948 1935 posita
976 1854 1008 1919 et
1034 1854 1138 1919 tenore
1159 1855 1235 1920 reti-

86 1957 234 2023 aeentiae
256 1957 387 2021 seruato.
424 1956 490 2039 ipse
512 1957 618 2021 autem
639 1957 693 2038 qui
713 1956 847 2022 infertur
869 1956 956 2022 cibus
979 1957 1119 2022 siturus
1140 1959 1232 2039 atque

115 2061 199 2127 idem
228 2078 363 2143 semper,
392 2059 472 2124 nihil
500 2059 633 2153 materia¹
653 2059 797 2126 differens
819 2078 874 2125 neo
898 2078 952 2142 per
975 2059 1077 2124 uarios
1098 2059 1233 2124 redinte-

115 2165 225 2248 gratus
246 2180 383 2244 sapores,
407 2162 461 2227 sed
483 2163 537 2227 aut
559 2162 654 2227 fitilla
676 2163 713 2227 de
735 2162 823 2227 milio
845 2163 900 2227 aut
921 2163 963 2227 sit
984 2162 1073 2244 panis
1095 2182 1130 2227 ex
1152 2163 1233 2228 farre

115 2270 179 2347 aut,
202 2267 239 2332 ut
260 2266 381 2331 seeouda
402 2265 563 2331 imitemur
585 2265 722 2350 antiqua,
747 2265 897 2331 exciuere
919 2264 1007 2330 oaldo
1028 2265 1156 2349 glandes
1178 2267 1233 2331 aut

116 2370 269 2437 exremis
291 2369 464 2454 agrestibus
487 2370 625 2434 babulae.
653 2368 737 2450 potio
759 2369 864 2435 autem
886 2368 952 2433 uini
974 2369 1016 2434 sit
1037 2387 1159 2451 prorsus
1181 2369 1230 2436 iu-

77 2474 242 2557 aooognita
261 2491 317 2537 nee
338 2472 486 2537 sedandae
505 2472 592 2537 aliud
613 2473 813 2538 admoneatur
834 2473 889 2537 siti
910 2491 1002 2555 quam
1023 2473 1124 2556 liquor
1137 2493 1232 2556 purus

116 2578 290 2642 efontibus
312 2575 431 2641 ealdore
453 2577 535 2658 ignis
557 2576 691 2641 intactus
714 2580 754 2655 et,
776 2577 804 2641 si
824 2576 891 2642 fieri
912 2577 994 2660 potis
1009 2578 1066 2656 est,
1089 2577 1232 2642 manibus

116 2679 368 2745 subministratus
391 2679 484 2744 cauis.
521 2678 575 2743 fiet
588 2680 684 2744 enim
710 2680 874 2745 familiaris
900 2699 1020 2746 emore
1045 2681 1232 2747 consuetudo

116 2785 148 2848 in
169 2785 313 2848 naturam
341 2802 429 2848 uersa
458 2802 514 2848 neo
544 2783 692 2866 adpetitio
714 2785 889 2868 porrigetur
913 2783 1054 2862 ulterius,
1077 2802 1142 2849 esse
1164 2803 1231 2849 am·

116 2887 197 2968 plius
225 2887 363 2952 nesciens
385 2889 464 2968 quod
491 2889 625 2969 petatur.
661 2905 808 2969 quorsum
839 2888 937 2971 igitur
963 2889 1037 2952 haee
1064 2888 1282 2969 speotanttpz

88 2992 164 3069 aut,
187 2991 332 3072 quoniam
361 2991 513 3056 oreditum
535 2992 596 3069 est,
624 2991 743 3056 animas
773 2991 894 3056 diuinas
923 2993 1015 3073 atque
1043 2988 1232 3054 immortales

117 3113 179 3159 esse
202 3094 234 3158 et
256 3095 296 3158 ad
316 3093 478 3158 hominum
499 3111 624 3175 corpora
645 3094 817 3176 disciplinis
839 3114 909 3160 eum
925 3093 1066 3165 omnibus
1081 3093 1232 3164 aduolare,

118 3199 307 3281 experiamur
329 3217 364 3262 ex
385 3198 446 3262 isto
461 3217 554 3279 quem
568 3197 626 3262 hoo
642 3215 751 3281 genere
766 3197 921 3262 uoluimus
937 3196 1068 3276 educari,
1091 3195 1231 3277 oapiatne

149 3505 210 3557 let
228 3518 270 3556 ora
287 3503 339 3557 Urs
441 3503 570 3558 tacueram
583 3504 693 3574 amasai
793 3504 1009 3572 3pytegoree4P
1074 3552 1076 3555 ,
1109 3503 1230 3558 4diuini

117 3591 184 3646 Sub.-
211 3590 312 3644 diuinis
330 3591 358 3644 P
458 3591 519 3644 det
537 3591 606 3645 Sub:
632 3593 664 3644 ut
681 3591 709 3645 P
809 3591 972 3645 8aermonis
997 3591 1109 3645 alieuius
1135 3590 1233 3645 similia

115 3677 235 3730 tudinem
258 3677 370 3744 nosipsi:
400 3677 528 3729 sermonis
552 3677 665 3730 alieuius
683 3678 710 3729 P
730 3692 848 3731 sermone
871 3677 984 3730 abanim
1002 3676 1056 3731 Sab
1084 3692 1230 3736 sermonem

116 3763 230 3831 aliquem
251 3762 300 3815 Get
327 3778 458 3816 sermones
476 3763 580 3832 aliquos
604 3764 656 3818 Urs
757 3764 901 3818 9diduoat
924 3763 986 3818 Get.-
1008 3762 1120 3817 deducat
1137 3763 1165 3815 P

115 3847 297 3902 itinerator
315 3848 369 3903 Sab
478 3850 513 3904 15
529 3848 656 3904 inferatur
673 3850 701 3903 P
811 3850 843 3903 16
860 3848 1058 3916 redintegratus
1075 3847 1146 3902 Sub.-
1174 3849 1231 3903 red·

115 3934 261 4003 integratus
279 3935 307 3988 P
417 3936 448 3989 17
466 3936 547 3989 fitilla
565 3936 655 3990 Saba.-
672 3936 705 3991 fia
721 3936 808 3990 illaP
825 3936 862 3990 eit
879 3935 993 3989 illeSab
1105 3935 1139 3987 18
1156 3935 1231 4003 glan-

117 4020 159 4074 des
177 4020 247 4074 Sob:
264 4021 379 4089 grandes
397 4022 424 4075 P
525 4021 559 4074 20
576 4021 651 4075 farus
669 4023 696 4075 P
709 4036 771 4076 corr
872 4021 906 4074 22
924 4018 1143 4074 subministratus
1165 4021 1230 4075 Get:

117 4107 349 4162 subministratum
367 4108 395 4161 P
495 4107 529 4162 23
546 4108 697 4177 porrigetur
720 4108 786 4162 Ure:
810 4107 956 4175 corrigetur
973 4107 1001 4160 P
1100 4107 1135 4160 25
1152 4109 1230 4175 atque

120 4191 270 4247 Votienus.-
292 4179 355 4246 adeo
373 4193 401 4247 P
417 4209 433 4246 a
450 4192 498 4246 deo
516 4192 572 4247 sao
589 4196 669 4262 atque
687 4193 750 4247 adeo
774 4192 826 4248 Urs

214 4297 262 4352 IV.
1111 4298 1129 4351 5
