2760 4808
602 318 702 374 Liber
724 320 764 375 II.
1196 321 1238 387 59

124 513 238 577 pansae
259 493 291 559 et
312 492 461 558 examinis
487 491 652 574 iudiciique
673 483 900 585 perpensilrem
921 491 1147 558 inenodabilem
1169 510 1237 557 sus-

123 597 208 678 cipit,
232 597 268 661 nt
287 614 360 660 cum
380 596 500 661 animas
522 594 606 660 dieat
626 595 829 673 immortales,
850 595 1012 677 perpetuas
1032 598 1064 661 ct
1089 595 1239 679 corporali

124 701 282 766 soliditate
310 701 461 782 priuatas,
489 699 593 782 puniri
615 717 666 764 eas
695 699 778 763 dicat
799 700 904 764 tamen
926 699 959 764 et
981 698 1095 763 doloris
1116 697 1240 764 adficiat

123 821 223 869 sensu.
260 803 329 885 quis
354 805 460 869 autem
487 804 649 868 hominnm
669 822 731 869 non
752 802 848 882 uidet,
877 802 957 884 qnod
983 803 1026 866 sit
1053 802 1238 884 immortale,

100 908 204 990 equod
225 906 370 990 simplex,
403 907 526 971 nnllnm
551 924 641 988 posse
666 905 803 970 dolorem
830 905 1001 985 admittere,
1032 905 1114 988 quod
1134 907 1239 971 sutem

121 1011 238 1076 sentiat
259 1010 403 1089 dolorem,
425 1011 697 1076 immortalitatem
717 1008 830 1074 habere
852 1027 913 1074 non
928 1010 1038 1092 posse?
1061 1029 1117 1075 nec
1132 1011 1239 1075 tamen

121 1113 188 1179 eins
214 1113 380 1179 auctoritas
409 1113 578 1196 plurimum
605 1111 779 1178 aneritate
807 1112 949 1178 declinat.
985 1112 1128 1195 quamuis
1156 1113 1240 1178 enim

121 1217 170 1281 uir
197 1216 275 1282 lenis
302 1219 334 1282 ot
362 1216 521 1282 beniuolae
548 1211 721 1282 uoluntatis
748 1216 954 1281 inhnmanum
980 1233 1047 1281 esse
1076 1215 1240 1281 crediderit
1317 1257 1321 1270 ·

120 1319 247 1402 capitali
267 1321 386 1384 ammas
411 1318 566 1385 senoentia
592 1319 811 1398 condemnare,
844 1338 905 1385 non
931 1320 978 1384 est
1000 1321 1104 1385 tannen
1125 1318 1239 1383 absone

88 1448 113 1488 oo
121 1423 293 1504 suspicatus
320 1423 381 1488 iaci
402 1442 454 1488 css
477 1423 511 1489 in
532 1421 662 1488 flumina
688 1423 840 1488 torrentia
861 1421 1059 1489 flammarum
1084 1422 1185 1506 globis
1207 1423 1240 1487 et

121 1526 254 1592 caenosis
275 1525 474 1610 uoraginibus
495 1527 603 1593 taetra.
634 1526 789 1591 iaciuntur
812 1525 895 1591 enim
917 1528 950 1592 ot
971 1526 1011 1592 ad
1031 1525 1167 1591 nihilum
1188 1543 1236 1589 re-

122 1629 227 1696 dactae
249 1628 434 1694 interitionis
455 1632 621 1712 perpetuae
642 1630 843 1696 frustratione
857 1630 1037 1696 uanescunt
1067 1629 1140 1695 sunt
1154 1628 1238 1693 emm

122 1732 240 1798 mediae
265 1733 443 1815 qualitatis,
469 1731 474 1818 Ι
499 1733 581 1798 sicut
602 1731 724 1799 Christo
753 1734 877 1798 anctore
906 1733 1097 1815 compertum
1118 1732 1183 1810 est,
1206 1731 1322 1795 etsssb

121 1835 248 1900 interire
269 1854 346 1918 qnae
367 1837 486 1918 possint
506 1836 600 1903 doum
620 1836 648 1900 si
669 1835 896 1919 ignorauerint‚
925 1836 1009 1901 uitae
1031 1836 1063 1900 et
1084 1835 1123 1900 ab
1146 1833 1239 1899 esitio

95 1937 258 2016 reiterari,
285 1939 314 2003 si
335 1940 375 2005 ad
397 1941 462 2006 eins
483 1959 516 2006 ee
538 1940 763 2017 misericordias
789 1940 881 2022 atque
907 1938 1116 2022 indulgentias
1137 1936 1240 2021 adpli-

122 2041 236 2120 erint,
264 2045 302 2108 nt
326 2043 409 2126 quod
434 2043 577 2127 ignotum
605 2044 653 2108 est
681 2043 796 2124 pateat
830 2042 905 2123 haec
931 2044 979 2107 est
1000 2041 1134 2105 hominis
1155 2058 1239 2104 more

122 2163 202 2222 uara
224 2146 300 2212 haec
320 2146 401 2213 nihil
422 2145 580 2212 residuum
601 2146 715 2210 faciens
732 2182 770 2192 -
787 2164 861 2210 nam
881 2145 941 2210 illa
961 2164 1040 2227 quae
1062 2146 1119 2208 sub
1139 2143 1239 2209 oculis

122 2252 258 2319 cernitur
278 2250 451 2316 aninmnm
472 2251 520 2314 est
541 2269 560 2314 a
582 2248 758 2331 torporibus
779 2247 942 2332 diiugatio‚
964 2264 1024 2312 non
1045 2247 1117 2312 finis
1139 2246 1238 2312 aboli-

122 2356 215 2423 tionis
241 2357 394 2421 ertromns
410 2391 451 2400 —
465 2353 542 2417 haec
568 2352 694 2434 inquam
721 2352 769 2417 est
790 2350 926 2415 hominis
953 2369 1035 2416 mors
1057 2369 1146 2429 uera,
1167 2369 1239 2415 cnm
1306 2409 1309 2416 .

94 2459 243 2525 oanimao
263 2457 432 2523 nescientes
453 2456 546 2521 doum
560 2475 614 2539 per
628 2455 803 2538 longissimi
817 2455 966 2536 temporis
980 2453 1151 2520 cruciatum
1166 2472 1238 2519 oon·

123 2562 282 2628 umentnr
306 2559 373 2645 igni
399 2559 479 2640 foro,
507 2559 539 2623 in
561 2578 652 2641 quem
680 2560 752 2624 illas
778 2558 896 2624 iaciant
924 2559 1050 2641 quidam
1072 2557 1239 2623 crudeliter

122 2665 206 2730 saeui
233 2666 265 2728 et
293 2661 545 2730 antechristum
577 2661 728 2744 incogniti
755 2665 787 2726 et
808 2663 847 2726 ab
868 2661 933 2739 solo
966 2662 1082 2726 sciente
1115 2660 1238 2726 detecti.

122 2787 214 2850 quare
240 2767 320 2832 nihil
347 2766 502 2847 estquod
528 2782 583 2830 nos
610 2765 713 2844 fedat,
742 2764 823 2829 nihil
845 2765 926 2847 qnod
948 2763 1288 2846 nobispolliooatur15

123 2889 190 2954 spos
216 2887 318 2937 cassas
339 2870 372 2934 id
398 2868 479 2952 quod
504 2887 524 2934 a
547 2869 636 2934 nouis
661 2868 847 2951 quibusdam
870 2868 983 2934 dicitnr
998 2868 1076 2933 uiris
1090 2869 1121 2933 et
1138 2869 1238 2932 inmo·

98 2974 228 3039 siderate
243 2973 291 3038 sni
306 2973 447 3056 opinione
462 2971 604 3050 sublatis,
620 2971 741 3038 animes
756 2971 948 3037 immortales
963 2989 1038 3046 esse,
1052 2971 1176 3036 dondno
1191 2991 1238 3037 re·

123 3095 190 3141 rum
205 3095 242 3142 ao
256 3076 386 3158 principi
401 3075 500 3160 gradu
513 3076 666 3157 proximas
680 3075 854 3160 dignitatis,
876 3075 1012 3159 genitore
1033 3075 1089 3140 illo
1103 3094 1138 3140 ao
1152 3077 1240 3157 patre

155 3331 170 3384 1
185 3346 286 3400 winae
301 3331 452 3386 contnuo.-
469 3347 567 3400 prauae
585 3333 613 3386 P
721 3331 883 3400 iudiciiquao
900 3329 999 3387 P⁴oorr
1101 3348 1157 3386 rem
1175 3333 1239 3400 aco,

125 3432 153 3468 s:
168 3433 196 3470 re
208 3416 236 3470 P
328 3417 346 3470 2
363 3419 391 3470 et
406 3416 471 3471 θεῖ.·
488 3420 516 3471 et
532 3433 562 3471 ex
575 3418 603 3471 P
696 3418 714 3470 3
732 3416 867 3471 doloribus
886 3417 942 3473 Sao
1040 3418 1153 3473 deenen
1170 3418 1238 3474 Urs:

126 3504 399 3557 wnsnmPeensunm
411 3502 465 3558 Sub
478 3504 565 3556 iners·
643 3503 838 3557 dcondomnari
850 3503 906 3559 Sub
987 3506 1019 3558 ll
1032 3505 1173 3559 oenoeisP

126 3591 191 3644 tetra
213 3591 241 3644 P
377 3590 409 3644 13
430 3589 571 3658 qualitatis
597 3589 662 3644 θεῖε
690 3590 835 3658 qualitates
858 3592 886 3644 P
1029 3593 1062 3645 14
1078 3591 1126 3644 aab
1145 3591 1172 3645 P

127 3675 157 3729 15
170 3675 282 3729 liberast
300 3676 328 3728 P
450 3691 477 3728 so
494 3674 688 3729 misericordias
705 3677 816 3744 seipsi.-
841 3676 955 3730 eomas
973 3677 1001 3730 P
1017 3676 1119 3730 semina
1138 3676 1193 3731 Sco
1212 3692 1240 3730 ss

126 3761 207 3815 ninas
223 3760 274 3816 θεῖ
290 3776 318 3814 se
329 3760 538 3815 misericordiam
554 3761 609 3815 Urs
708 3761 870 3830 applicarint
884 3763 949 3817 θεῖε
967 3762 1133 3831 adplicarent
1145 3763 1172 3815 P

126 3848 156 3902 lo
170 3850 203 3902 ut
218 3848 331 3916 scripsi:
350 3851 377 3902 et
390 3847 417 3901 P
433 3849 462 3900 et
477 3850 510 3900 ut
523 3847 572 3901 θεῖ
695 3847 726 3901 17
744 3863 798 3916 cqc.
817 3848 901 3901 aerim
917 3864 979 3902 narn
989 3889 995 3899 .
1007 3889 1013 3900 .
1023 3887 1029 3900 .
1040 3849 1173 3901 extrem
1186 3865 1240 3917 pu·

124 3934 258 3988 mdsesiss
268 3931 376 3999 officere
387 3932 502 3986 editores
512 3948 571 3986 son
582 3932 778 3986 intcdcaerunt
858 3933 893 3987 20
903 3933 1099 4002 perlongissimi
1110 3934 1239 4002 temporis

124 4019 241 4074 cruciatu
254 4018 309 4074 Sub
411 4018 551 4073 circuitum
570 4017 623 4072 Urs
719 4022 910 4073 consumuntur
922 4019 978 4073 Sao
1079 4019 1114 4073 21
1125 4019 1239 4089 ignifero

124 4105 177 4160 cao
268 4104 368 4158 iwient
379 4103 469 4158 Sclm:
487 4104 573 4158 iacent
585 4104 613 4157 P
628 4103 730 4157 iaciunt
742 4103 798 4157 Sao
888 4105 922 4157 22
933 4105 992 4157 snti
1003 4106 1031 4158 P
1131 4107 1167 4161 24
1183 4121 1241 4162 css·

121 4207 172 4256 ess,
180 4191 209 4246 id
222 4191 307 4261 uulgo
374 4191 454 4245 idom
466 4189 522 4244 δεῖ)
589 4189 666 4243 nouis
675 4189 739 4242 ees.-
752 4189 861 4244 nobisP
926 4191 961 4244 25
972 4193 1015 4245 sui
1023 4193 1086 4247 ces:
1098 4193 1151 4247 sihi
1163 4195 1191 4247 P

119 4278 228 4332 domino
251 4277 401 4332 Votienus:
423 4275 470 4330 deo
488 4277 516 4329 P
616 4275 649 4328 26
666 4290 696 4329 ac
713 4291 756 4329 om
775 4275 827 4330 Urs
928 4277 1073 4348 dignitatis
1091 4279 1159 4334 Sco:
1181 4280 1240 4351 dig·

118 4363 221 4418 nitates
240 4365 266 4418 P
939 4386 944 4393 ·
