2760 4808
200 332 241 397 26
500 327 643 383 Arnobii
667 328 829 382 aduersus
852 327 1007 382 nationes

199 502 409 585 adrogantiam
437 502 619 567 constrinxit
646 503 779 567 nostram
807 500 960 566 stolatae
988 499 1150 580 supercilio
1178 499 1317 564 ceruices

197 606 324 672 modum
348 604 423 670 fecit
450 623 521 670 suae
542 605 731 670 infirmitatis
753 621 929 688 agnoscere,
961 603 1012 685 qui
1035 602 1204 668 animantia
1223 620 1315 666 mon·

198 708 310 800 strauit
331 706 472 773 informia
494 725 549 771 nos
571 725 644 786 esse,
667 708 755 773 uanis
778 706 971 790 opinionibus
991 705 1093 784 fidere,
1123 705 1203 769 nihil
1225 723 1314 770 com-

113 835 186 888 rw
195 811 377 896 prehensum
399 810 520 890 habere,
542 811 620 875 nihil
641 811 718 876 scire
740 811 869 893 atquae
891 809 1009 873 nostros
1027 807 1031 891 Ι
1051 807 1112 872 6116
1138 808 1210 872 sunt
1238 809 1315 872 ante

198 915 298 980 oculos
319 933 379 980 non
400 913 521 993 uidere,
552 914 605 997 qui
626 916 705 996 quod
727 912 829 977 omnia
850 911 1008 994 superauit
1029 912 1061 976 et
1082 912 1314 993 transgressum
1335 937 1347 973 6

198 1019 244 1082 661
265 1035 400 1095 munera,
423 1017 461 1081 ab
477 1016 677 1100 religionibus
698 1033 752 1081 nos
773 1015 860 1080 falsis
882 1014 1063 1098 religionem
1082 1013 1260 1079 transduxit
1273 1013 1313 1078 ad

197 1137 310 1199 ueram,
334 1119 387 1202 qui
410 1119 447 1184 ab
470 1119 567 1204 signis
588 1119 739 1185 inertibus
761 1119 852 1201 atque
875 1137 910 1184 ex
925 1118 1076 1183 uilissimo
1090 1117 1229 1183 formatis
1245 1116 1313 1182 luto

146 1279 149 1284 .
198 1223 235 1288 ad
264 1222 363 1288 sidera
395 1223 570 1289 subleuauit
598 1224 630 1288 61
656 1223 775 1288 caelum
801 1223 833 1287 et
861 1240 931 1286 cum
964 1221 1086 1287 domino
1118 1241 1222 1287 rerum
1256 1222 1313 1287 deo

198 1325 455 1408 supplicationum
478 1325 550 1391 fecit
571 1326 665 1391 uerba
685 1326 776 1408 atque
798 1325 972 1390 orationum
993 1325 1151 1407 conloquia
1172 1325 1312 1390 miscere.

148 1428 377 1507 demorabar,
408 1429 592 1508 666661166,
625 1447 721 1511 nuper
754 1427 918 1494 simulacra
946 1427 1036 1493 modo
1069 1446 1105 1493 er
1136 1427 1314 1494 fornacibus
1325 1461 1351 1500 ro

198 1533 349 1615 prompta,
364 1532 397 1596 in
411 1532 573 1597 incudibus
588 1531 658 1596 deos
671 1532 702 1596 et
713 1550 748 1596 ex
759 1531 879 1597 malleis
891 1531 1064 1609 fabricatos,
1080 1530 1314 1613 elephantorum

111 1658 116 1679 r
197 1652 273 1712 ossa,
296 1634 440 1717 picturas,
463 1635 631 1699 ueternosis
652 1635 686 1699 in
708 1634 866 1701 arboribus
888 1635 1021 1712 taenias;
1048 1634 1216 1717 siquando
1239 1653 1314 1700 oon-

197 1755 353 1819 spexeram
373 1737 559 1803 lubricatum
581 1738 716 1822 lapidem
741 1738 772 1802 61
794 1756 830 1802 ex
851 1736 926 1801 oliui
947 1737 1082 1821 unguine
1108 1736 1314 1817 sordidatum,

197 1841 355 1922 tamquam
382 1841 494 1906 inesset
520 1842 568 1906 uis
589 1859 744 1923 praesens,
776 1841 938 1919 adulabar,
962 1839 1088 1904 adfabar
1113 1841 1144 1906 et
1165 1840 1316 1906 beneficia

197 1942 358 2025 poscebam
386 1943 465 2008 nihil
493 1943 641 2009 sentiente
671 1944 709 2008 de
729 1945 851 2023 tnmco‚
883 1943 914 2009 et
941 1961 990 2008 eos
1018 1945 1100 2026 ipsos
1126 1943 1213 2008 diuos
1236 1961 1352 2025 queso

198 2063 263 2111 esse
289 2045 367 2110 mihi
395 2064 600 2127 persuaseram
628 2046 805 2112 adficiebam
828 2046 1022 2112 contumehis
1048 2046 1210 2130 grauibus,
1241 2064 1316 2112 cum

197 2166 247 2215 eos
276 2168 341 2214 6666
371 2149 530 2215 credebam
559 2149 645 2235 ligna
679 2148 796 2233 lapides
824 2151 915 2231 atque
943 2168 1012 2215 ossa
1043 2153 1097 2216 aut
1123 2150 1156 2214 in
1183 2148 1277 2215 huius
1296 2183 1316 2219 0

197 2270 299 2318 rerum
326 2253 464 2317 habitare
491 2253 630 2319 materia.
668 2271 748 2318 nunc
773 2253 894 2318 doctore
916 2254 1004 2318 tanto
1025 2252 1057 2317 in
1080 2253 1147 2318 uias
1168 2253 1316 2318 ueritatis

196 2355 339 2421 inductus
371 2356 474 2420 omnia
506 2355 567 2420 ista
599 2374 675 2437 quae
703 2354 868 2435 61616616,
902 2355 996 2439 digna
1019 2354 1056 2420 de
1078 2354 1178 2439 dignis
1200 2356 1314 2435 sentio,

197 2457 414 2524 contumeham
434 2457 550 2523 nomini
572 2456 691 2522 nullam
711 2457 789 2523 facio
812 2458 925 2536 diuino,
949 2459 979 2522 et
994 2457 1066 2540 quid
1082 2458 1189 2540 cuique
1204 2457 1348 2525 debean

197 2564 248 2625 tur
269 2560 320 2624 uel
341 2577 485 2641 personae
508 2561 557 2625 uel
580 2559 683 2642 capiti,
704 2559 872 2625 inconfusis
895 2560 1040 2644 gradibus
1063 2562 1155 2642 atque
1174 2561 1313 2626 auctori·
1355 2637 1361 2645 ‚

198 2663 315 2729 tatibus
338 2662 449 2728 tribuo.
485 2662 531 2727 ita
559 2679 629 2745 ergo
652 2660 791 2728 (lhrn'stus
820 2681 879 2728 non
908 2663 1056 2729 habeatur
1077 2683 1095 2728 a
1115 2663 1204 2729 nobis
1236 2664 1314 2729 deus

198 2784 292 2848 neque
320 2768 401 2831 omni
421 2764 477 2830 illo
499 2765 552 2846 qui
574 2766 624 2830 uel
646 2765 797 2831 maximus
818 2766 921 2849 potest
949 2765 1113 2850 excogitari
1136 2765 1312 2831 diuinitatis

197 2869 357 2935 adficiatur
384 2867 483 2946 cultu,
512 2886 530 2932 a
557 2885 615 2950 quo
643 2853 822 2935 iamdudum
854 2871 941 2933 tanta
968 2871 999 2934 et
1026 2869 1198 2951 accepimus
1232 2869 1313 2933 dona

149 2972 189 3035 lo
198 2974 337 3038 uiuentes
360 2974 391 3037 61
413 2971 613 3053 expectamus,
637 2972 701 3038 dies
728 2991 797 3042 cum
812 2971 940 3051 uenerit,
963 2971 1131 3054 ampliora?
1159 2971 1213 3036 sed
1227 2972 1346 3053 pati-25

196 3076 268 3140 bulo
291 3074 405 3140 adfixus
427 3074 554 3139 interiit.
585 3074 659 3156 quid
680 3074 763 3139 istud
785 3074 824 3138 ad
845 3077 989 3139 eausam?
1010 3092 1107 3156 neque
1128 3073 1212 3138 enim
1233 3091 1310 3156 qna-

196 3178 270 3244 htas
292 3181 323 3243 et
345 3177 522 3243 deformitas
549 3178 658 3243 mortis
684 3177 767 3242 dicta
794 3177 859 3242 eius
888 3177 1033 3242 immutat
1054 3181 1108 3242 aut
1129 3175 1225 3256 facta,
1256 3177 1310 3241 aut

127 3297 145 3349 f.
157 3298 231 3348 roeo
253 3282 354 3346 minor
381 3280 538 3346 uidebitur
565 3281 797 3364 disoiphnarum
827 3281 891 3345 eius
914 3280 1088 3359 auctoritas,
1116 3279 1311 3362 16616616-

197 3384 274 3451 culis
302 3383 433 3465 corporis
462 3401 521 3448 non
554 3382 688 3449 natmali
710 3383 909 3449 dissolutione
942 3383 1096 3467 digressus
1118 3383 1165 3448 est
1195 3383 1249 3447 sed
1276 3383 1311 3446 ui

231 3656 421 3710 leonstrinxit
441 3655 505 3711 see:
531 3657 691 3724 constringit
709 3658 737 3711 P
856 3657 957 3712 4sieta
975 3658 1001 3712 P
1119 3655 1312 3724 oreligionom

197 3743 265 3799 Sub:
294 3743 423 3812 religione
439 3743 466 3796 P
602 3744 724 3797 lucram
748 3743 818 3799 Sub:
848 3760 909 3798 uera
927 3745 954 3798 P
1087 3741 1240 3810 8domino]
1264 3728 1312 3798 dm

196 3829 257 3882 dP
359 3830 391 3882 11
409 3829 584 3882 elefantorum
601 3829 630 3882 P
730 3830 762 3882 12
775 3830 817 3883 sin
831 3831 857 3882 P
958 3831 990 3883 13
1008 3831 1127 3900 unguine
1144 3828 1313 3882 sordidatum

198 3913 289 3970 sarm:
307 3915 435 3984 unguines
452 3914 603 3968 ordinatum
614 3916 640 3967 P
656 3917 771 3984 unguine
789 3915 940 3970 ordinatum
955 3915 1007 3970 Sub
1110 3914 1142 3969 16
1159 3913 1312 3969 afficiebam

197 3999 267 4055 Sub.-
296 3999 458 4054 adfaciebam
484 4003 509 4053 P
619 4000 650 4053 17
678 4001 805 4056 heccum
829 4002 951 4073 egomet:
979 4001 1058 4056 huius
1086 4000 1157 4054 modi
1185 4000 1240 4056 sao

196 4086 229 4140 23
247 4102 328 4155 noque
346 4087 418 4140 omni
435 4086 483 4140 illo
501 4086 547 4155 qni
564 4086 716 4156 Ripalta'cs:
739 4103 822 4156 noque
839 4103 929 4143 omncs
947 4086 1063 4156 alioquin
1081 4088 1108 4142 P
1124 4102 1171 4141 nec
1188 4087 1236 4156 qui
1254 4101 1313 4141 om-

195 4172 270 4228 nium
292 4172 409 4242 alioquin
428 4173 482 4229 dab
524 4215 528 4218 .
613 4173 647 4226 24
673 4168 818 4229 iandudum
844 4176 872 4229 P
888 4189 948 4229 corr
1083 4173 1117 4230 27
1137 4175 1197 4228 aaut
1214 4173 1241 4226 P

195 4258 228 4314 29
246 4258 407 4314 disolutione
425 4260 452 4313 P
552 4259 581 4313 ui
600 4258 667 4314 Sao.-
694 4263 725 4313 ut
742 4261 769 4314 P
