2760 4808
618 341 715 395 Liber
732 342 755 394 Ι.
1203 347 1240 410 11

136 515 206 594 quod
243 515 310 578 tam
346 532 436 578 saeua
471 514 610 598 prodigia
647 515 796 599 genituris
831 516 1017 598 spirantibus
1050 515 1241 582 addiderunt.
1256 519 1294 582 11

134 616 324 697 superciliosa
358 616 489 682 nimium
517 620 653 698 resset,
688 637 758 684 cum
785 619 850 702 ipse
872 619 913 682 010
940 637 1000 683 000
1021 620 1109 699 tuus,
1142 619 1243 685 aliena

132 720 220 784 etiam
242 720 275 784 in
302 719 490 803 possessione
516 722 662 800 auseris,
689 721 913 804 potentioribus
943 721 1014 786 dare
1037 722 1242 788 condicionem

131 823 222 906 uelle,
256 824 292 887 ut
312 823 345 887 id
366 822 421 887 fiat
442 825 522 906 quod
544 826 666 907 cupias,
700 843 761 890 non
794 828 874 907 quod
900 826 933 890 in
965 825 1055 891 rebus
1088 826 1242 891 inueneris

114 926 262 1006 santiquis
285 927 553 993 constitutionibus
575 929 679 993 fixum.
708 948 799 1012 quare
826 928 938 994 habere
960 930 986 993 si
1008 930 1110 994 locum
1125 931 1242 995 uestras

128 1028 224 1092 uultis
247 1031 464 1111 querimoniaS,
487 1031 642 1112 homines,
676 1033 761 1115 prius
784 1034 831 1098 est
858 1034 894 1097 ut
916 1033 1065 1112 doceatis,
1089 1034 1169 1097 undo
1191 1034 1243 1098 nel

127 1133 178 1212 qui
201 1132 279 1213 sitis,
303 1133 429 1199 uobisne
451 1135 493 1200 sit
515 1136 639 1219 genitus
662 1138 692 1201 et
715 1135 884 1201 fabricatus
905 1135 1038 1201 mundus
1060 1155 1098 1200 an
1124 1136 1156 1200 in
1171 1155 1243 1200 oum

126 1235 272 1300 ueneritis
293 1236 402 1301 alienis
425 1256 461 1301 er
482 1237 659 1321 regionibus
681 1238 835 1320 inquilini.
868 1239 947 1321 qued
969 1258 1040 1303 cum
1062 1238 1160 1302 dicere
1182 1257 1242 1303 non

124 1339 167 1404 sit
199 1340 337 1405 uestrum
370 1359 467 1422 neque
495 1342 644 1424 explicare
670 1341 795 1424 possitis
817 1341 904 1407 cuius
927 1341 970 1406 rei
994 1360 1084 1407 causa
1107 1340 1162 1406 sub
1184 1339 1242 1404 hac
1329 1361 1331 1366 ·

94 1443 202 1507 000011
224 1443 404 1509 connexione
426 1445 601 1524 uersemini,
625 1445 766 1511 desist'te
786 1445 929 1510 arbitrari
951 1445 1104 1528 pertinere
1126 1443 1165 1509 ad
1187 1460 1241 1506 uos

123 1546 298 1628 quicquam,
321 1567 391 1611 cum
413 1566 448 1613 00
469 1567 547 1629 quae
568 1549 648 1613 fiunt
669 1565 729 1614 non
751 1549 906 1633 partiliter
926 1548 1012 1625 fiant,
1036 1547 1088 1613 sed
1108 1548 1147 1612 ad
1169 1565 1240 1611 oen·

123 1668 175 1729 sus
190 1667 342 1715 summam
356 1650 481 1716 redeant
495 1651 723 1733 referanturque
737 1652 844 1719 totius.
872 1651 1123 1730 Christianorum,
1139 1649 1240 1731 inqui·
1255 1654 1292 1718 13

122 1753 196 1831 001,
225 1771 315 1818 00000
343 1755 426 1819 mala
453 1755 556 1819 omnia
584 1755 616 1818 di
644 1755 789 1838 ingerunt
817 1756 848 1820 01
874 1755 1020 1821 interitus
1049 1753 1242 1836 comparatur

123 1855 163 1919 ab
180 1855 296 1936 superis
311 1855 461 1939 frugibus.
484 1875 567 1941 rogo,
590 1877 661 1922 cum
675 1857 749 1923 haec
764 1859 876 1938 dicitis,
900 1876 962 1922 non
985 1857 1164 1923 calumniari
1186 1874 1241 1920 uos

84 1982 113 2020 00
122 1959 261 2040 improbe
276 1950 308 2023 in
324 1959 437 2042 apertis
452 1960 627 2042 conspicitis
642 1960 873 2043 manifestisque
895 1960 1083 2026 mendaciis?
1113 1959 1241 2024 trecenti

123 2063 196 2126 sunt
218 2063 288 2126 anni
310 2062 406 2128 ferme
428 2064 529 2128 minus
551 2064 601 2128 001
623 2065 694 2146 plus
708 2063 836 2145 aliquid,
859 2083 894 2128 or
917 2082 976 2146 quo
998 2064 1153 2146 ecepimus
1176 2081 1241 2127 0000

123 2162 288 2229 Christiani
316 2167 347 2229 01
372 2168 523 2231 terrarum
550 2167 583 2232 in
604 2167 676 2232 orbe
697 2168 827 2233 censeri:
856 2167 1005 2249 numquid
1028 2166 1169 2231 omnibus
1190 2165 1239 2229 his

123 2268 212 2334 annis
235 2269 377 2334 continua
398 2269 522 2334 fuerunt
543 2269 642 2349 bella,
673 2270 832 2336 continuae
861 2270 1049 2348 sterilitates,
1072 2267 1240 2350 pernulla

121 2371 277 2451 interris,
299 2371 385 2438 nulla
407 2374 547 2455 protinus
569 2374 674 2438 uilitas
695 2375 749 2439 ant
763 2373 949 2440 abundantia
963 2392 1065 2438 rerum
1080 2371 1162 2436 fuit?
1183 2371 1240 2434 hoc

88 2474 206 2540 aoenim
226 2475 360 2556 primum
382 2475 576 2541 efficiendum
602 2478 648 2541 est
671 2477 699 2542 ei
725 2477 778 2558 qui
806 2495 860 2542 nos
883 2477 1002 2561 arguit,
1025 2476 1187 2557 perpetuas
1209 2475 1240 2539 et
1280 2533 1282 2537 .

122 2576 211 2660 iuges
232 2578 423 2644 calamitates
443 2577 539 2644 fuisse
553 2579 618 2656 has,
640 2559 808 2660 irumquam
829 2580 952 2644 omnino
974 2580 1138 2660 respirasse
1159 2595 1241 2643 mor-

121 2679 199 2745 talia
236 2683 267 2745 et
301 2682 365 2747 sine
397 2681 469 2746 ullis
508 2684 543 2746 ut
576 2682 689 2754 dicitur
727 2682 812 2746 feriis
845 2681 1067 2764 multiplicium
1092 2681 1097 2767 Ι
1127 2681 1292 2748 formasse

122 2784 322 2850 sustinuisse
343 2784 565 2850 discriminum.
610 2785 717 2866 atquin
750 2785 890 2851 uidemus
926 2785 1037 2850 mediis
1071 2785 1120 2848 his
1152 2784 1240 2849 annis
1254 2785 1290 2846 ll

121 2887 292 2970 mediisque
312 2888 501 2971 temporibus
524 2908 559 2954 er
582 2889 674 2954 uictis
689 2888 828 2953 hostibus
842 2889 1080 2966 innumerabiles
1096 2905 1160 2952 0000
1175 2887 1239 2951 010-

86 3015 111 3055 a
121 2990 217 3054 terias
232 2992 411 3073 reportatas,
433 2992 568 3074 prolatos
583 2992 705 3074 imperii
720 2992 795 3057 fines
811 2992 889 3057 0110
904 2993 1087 3074 potestatem
1102 2991 1240 3056 redactas

120 3093 255 3158 inauditi
270 3095 402 3159 nominis
416 3096 569 3162 nationes:
590 3114 803 3178 saepenumero
819 3095 968 3161 maximos
983 3112 1131 3159 annerum
1146 3092 1240 3157 fuisse

120 3197 287 3278 prouentus
294 3239 310 3282 ,-
333 3198 471 3264 uilitates
493 3200 584 3281 atque
607 3198 811 3263 abundantias
839 3217 942 3262 rerum
970 3197 1073 3262 tantas
1101 3197 1134 3260 ut
1157 3213 1240 3259 com-

120 3299 236 3363 mercia
250 3301 408 3382 stuperent
423 3301 565 3367 uniuersa
580 3301 747 3382 pretiorum
763 3301 947 3366 auctoritate
958 3300 1118 3384 prestrata.
1135 3317 1241 3380 quern-

156 3509 173 3556 3
190 3504 338 3572 possesione
354 3505 382 3558 P
484 3506 676 3562 condicionem:
701 3505 769 3559 uelle
789 3507 821 3558 01
840 3504 1002 3559 8100001100
1103 3502 1240 3573 610000-

120 3589 264 3643 moniasP
343 3592 382 3644 est
399 3607 459 3660 sup.
472 3593 583 3648 000οΡ
663 3590 806 3645 doceamtis
820 3591 848 3644 Ρ
864 3606 925 3644 corr
1004 3589 1157 3644 8000001ῑο
1170 3589 1196 3642 Ρ

119 3677 153 3729 11
173 3676 306 3743 partiliter
328 3675 396 3730 Ure.-
418 3677 541 3745 pariliter
554 3678 582 3732 P
684 3692 777 3731 census
794 3676 861 3731 Urs:
880 3685 967 3729 sensu·
984 3676 1012 3731 P
1113 3675 1144 3728 12
1162 3699 1240 3726 sese

118 3762 204 3815 totius
222 3761 250 3814 P
385 3763 417 3816 13
434 3761 462 3815 di
480 3763 608 3831 ingerunt
630 3764 741 3832 accipet:
768 3762 807 3816 dii
825 3764 903 3816 amnt
929 3762 955 3815 P
978 3762 1018 3815 dii
1035 3760 1125 3814 ferunt
1142 3777 1158 3812 o·
1181 3758 1238 3813 adi·

120 3849 213 3902 ierunt
223 3849 263 3902 010
275 3847 330 3903 Sub
344 3846 383 3900 dii
395 3850 491 3902 eruunt
500 3849 705 3904 Kluscaocoaus
769 3895 772 3903 .
789 3849 822 3902 14
839 3847 997 3902 calumniari
1010 3847 1065 3901 Sub
1076 3848 1107 3900 10
1118 3861 1178 3898 err:
1196 3859 1239 3898 ca-

120 3920 257 3988 10001010
275 3934 303 3987 P
415 3935 448 3990 15
464 3934 609 3989 mendaciis
628 3936 691 4004 Sub,
709 3952 739 3989 r:
761 3933 908 3989 mandaciis
925 3933 953 3988 P
1067 3931 1239 3989 16100010οι0

119 4020 148 4073 P
166 4034 228 4073 coru
330 4019 363 4074 18
380 4020 482 4073 nnllanr
500 4021 528 4075 P
546 4037 608 4076 corr
722 4019 979 4074 2001110101Ρ
1081 4020 1113 4072 21
1132 4018 1238 4072 omnino

124 4104 188 4158 Gal:
213 4105 302 4158 omnia
318 4120 371 4158 non
388 4106 416 4160 P
516 4106 550 4160 23
567 4106 699 4176 atquinP
800 4107 835 4161 24
852 4122 883 4160 cx
901 4106 956 4162 soc
973 4107 1005 4162 10
1023 4122 1084 4161 err:
1106 4109 1133 4160 et
1146 4107 1172 4160 P

119 4190 155 4244 26
172 4189 299 4243 inauditis
317 4191 345 4245 P
457 4207 576 4246 annonae
599 4193 651 4248 Urs
757 4194 790 4247 21
809 4195 949 4262 prouentus
969 4194 997 4247 P
1013 4209 1073 4248 corr
1177 4193 1239 4246 uili·
1319 4188 1323 4195 ’

122 4275 190 4330 10110
208 4275 235 4329 P
252 4291 313 4330 corr
