2784 4808
154 347 176 410 4
460 345 603 399 Arnobii
625 345 788 398 aduersus
810 342 966 396 nationes

156 519 246 580 antur
269 516 406 581 criminis
429 516 519 579 istius
541 517 593 595 rei,
618 515 670 597 qui
693 534 724 580 se
738 513 900 579 numinum
922 511 1103 594 profitentur
1125 530 1189 576 esse
1204 511 1270 575 cul·

156 620 237 684 tores
260 621 350 702 atquo
371 619 550 684 inueteratis
572 618 770 702 religionibus
793 618 919 682 deditos.
948 635 983 681 ac
1004 615 1139 699 primum
1161 615 1199 679 ab
1221 614 1269 678 his

156 722 236 787 illud
258 722 404 788 familiari
426 726 457 787 et
479 722 599 805 placida
621 723 756 787 oratione
778 720 998 803 perquirimus:
1021 719 1183 800 postquam
1206 735 1269 783 esse

90 841 148 893 arb
161 843 271 891 nomen
309 826 341 890 in
377 826 465 890 terris
502 825 692 892 Christianae
728 825 882 908 religionis
915 821 919 908 Ι
953 822 1086 905 occepit,
1124 821 1270 903 quidnam

154 927 355 1008 inusitatum,
390 930 463 1011 quid
486 929 692 1013 incognitum,
727 929 798 1010 quid
829 928 934 993 contra
956 927 1038 1010 leges
1060 924 1269 1008 principaliter
1290 944 1305 980 e

153 1031 313 1095 institutas
344 1035 398 1096 aut
420 1032 516 1097 sensit
546 1035 600 1097 aut
628 1050 717 1113 passa
746 1033 794 1096 ost
822 1049 923 1096 rerum
955 1031 1022 1111 ipsa
1051 1047 1126 1110 quae
1155 1027 1270 1092 dicitur

154 1135 385 1217 appellaturque
406 1137 537 1199 natura?
567 1135 716 1217 numquid
736 1133 769 1199 in
792 1134 961 1198 contrarias
983 1132 1146 1215 qualitates
1168 1132 1269 1213 prima

153 1236 210 1300 illa
231 1237 383 1302 elementa
405 1224 526 1303 mutata
546 1240 628 1314 sunt,
652 1257 687 1303 11
708 1238 820 1320 quibus
841 1255 889 1301 res
904 1255 1009 1300 omnes
1025 1254 1207 1300 consensum
1222 1235 1269 1299 est

153 1357 218 1404 esse
234 1343 412 1405 concretas?
440 1342 589 1423 numquid
618 1341 777 1406 machinae
805 1340 897 1405 huius
919 1339 950 1404 et
971 1338 1078 1416 molis,
1109 1357 1169 1421 qua
1198 1339 1269 1402 uni·

152 1441 232 1506 uersi
253 1443 388 1525 tegimur
410 1446 442 1509 et
463 1445 652 1509 continemur
674 1444 795 1520 inclusi,
825 1446 912 1526 parte
941 1443 988 1506 est
1009 1441 1042 1505 in
1064 1442 1167 1523 aliqua
1189 1443 1311 1506 reia-io

153 1546 705 1612 11111111111111111111111111111
734 1546 884 1628 numquid
915 1545 1032 1628 uertigo
1061 1545 1134 1609 baec
1159 1546 1269 1609 mundi

152 1646 331 1732 primigenii
352 1653 455 1716 motus
477 1654 669 1716 moderamen
695 1651 840 1715 excedens
870 1653 924 1715 aut
946 1649 1064 1714 tardius
1087 1667 1190 1730 repere
1213 1650 1269 1713 aut

152 1752 310 1832 praecipiti
343 1738 443 1836 coepit
476 1754 671 1820 uolubilitate
699 1755 841 1836 raptari?
877 1753 1027 1834 numquid
1060 1752 1099 1817 ab
1133 1751 1268 1816 occiduis

151 1855 291 1935 partibus
313 1856 455 1922 attollere
477 1875 509 1922 se
530 1859 613 1922 astra
635 1857 779 1939 11111111
801 1857 885 1921 ortus
900 1856 966 1921 fieri
988 1857 1144 1939 signorum
1159 1857 1267 1935 coepta

152 1958 201 2021 est
221 1957 405 2024 inclinatio?
425 1960 573 2041 numquid
596 1959 661 2042 ipse
681 1959 816 2024 siderum
831 1962 876 2024 sol
891 1959 1039 2041 princeps,
1062 1957 1306 2023 111111111111

151 2062 219 2126 1111
247 2062 875 2145 111111111111111111111111111111,
906 2064 1019 2127 exarsit
1050 2064 1103 2126 aut
1130 2060 1267 2141 intepuit

151 2165 242 2246 atquo
263 2166 296 2230 in
318 2166 484 2231 contrarios
513 2167 636 2231 habitus
666 2167 880 2232 moderaminis
909 2167 994 2231 soliti
1025 2166 1268 2246 temperamenta

151 2267 306 2349 corrupit?
327 2268 477 2350 numquid
499 2269 572 2333 luna
594 2269 708 2334 desiuit
736 2270 941 2352 redintegrare
963 2269 1110 2349 seipsam
1126 2256 1218 2348 atque
1233 2267 1266 2331 in

150 2370 268 2433 ueteres
290 2370 403 2435 formas
425 2371 615 2436 nouellarum
631 2391 750 2453 semper
763 2373 958 2436 restitutione
973 2371 1152 2435 traducere?
1174 2391 1266 2434 num-

151 2471 224 2551 quid
246 2470 374 2556 frigora,
405 2473 554 2555 numquid
584 2473 715 2554 calores,
745 2475 894 2555 numquid
923 2476 1040 2555 tepores
1063 2473 1157 2537 medii
1179 2474 1300 2538 inae-ro

151 2572 286 2654 qualium
309 2576 481 2657 temporum
503 2575 728 2641 confusionibus
758 2577 954 2642 occiderunt?
986 2576 1135 2658 numquid
1157 2575 1264 2658 longos

150 2677 261 2743 habere
293 2679 356 2743 dies
389 2679 499 2744 bruma
521 2680 553 2743 et
575 2698 715 2744 reuocare
744 2679 937 2745 tardissimas
970 2680 1053 2744 luces
1080 2698 1138 2743 nox
1166 2681 1265 2760 eoepit

150 2781 299 2846 aestatis?
320 2782 469 2863 numquid
485 2799 555 2860 suas
578 2782 696 2847 animas
717 2783 932 2864 expirauerunt
951 2781 1036 2846 uenti
1059 2783 1264 2863 emortuisque

149 2883 323 2949 flaminibus
346 2903 443 2965 neque
471 2885 590 2948 caelum
618 2886 773 2950 coactatur
793 2885 825 2949 in
847 2886 953 2949 nubila
981 2904 1036 2949 nec
1057 2885 1207 2949 madidari
1229 2904 1264 2950 ex

149 2986 299 3051 imbribus
323 2990 431 3069 arna†
446 2988 634 3053 succedunt?
657 2991 869 3054 commendata
890 2989 1007 3054 semina
1028 2989 1121 3054 tellus
1143 2990 1264 3053 recusat
1273 3012 1297 3050 11

149 3091 282 3172 accipere
304 3094 358 3155 ant
380 3090 570 3157 frondescere
593 3092 714 3157 arbores
737 3094 871 3157 nolunt?
898 3111 986 3174 sapor
1014 3091 1153 3175 frugibus
1176 3110 1262 3155 escu-

148 3193 241 3256 lentis
264 3194 295 3257 et
317 3193 390 3256 uitis
413 3193 582 3276 liquoribus
598 3195 736 3258 mutatus
751 3199 820 3260 est?
842 3196 979 3260 olearum
995 3214 1030 3260 ex
1044 3195 1161 3259 baculis
1177 3212 1264 3258 cruor

147 3294 245 3360 taeter
278 3297 459 3380 exprimitur
492 3317 546 3363 neo
579 3298 692 3362 lumini
715 3299 967 3365 subministratur
1001 3299 1158 3387 extincto?
1196 3299 1262 3362 ani-

182 3587 196 3638 1
214 3584 353 3638 numinum
371 3584 433 3650 Sub,
451 3602 483 3638 r.-
515 3585 651 3639 nominum
670 3585 698 3638 P
802 3587 819 3638 8
836 3585 979 3639 aelementa
998 3585 1039 3653 (ta
1057 3601 1091 3640 ea
1108 3587 1149 3653 tu)
1167 3586 1194 3638 P

146 3672 261 3726 9moles
279 3672 307 3725 P
330 3687 391 3725 corr
510 3671 691 3741 141111111]
714 3673 802 3725 motus
827 3672 882 3726 Sub
906 3689 967 3728 corr
984 3675 1015 3727 iu
1033 3689 1077 3726 err
1198 3671 1262 3725 ferri

151 3756 202 3810 Urs
303 3756 334 3813 16
352 3756 505 3810 animantur
523 3757 617 3823 calore,
635 3758 731 3811 exarsit
749 3757 892 3812 Meureiuc
909 3759 1068 3823 animantur,
1087 3758 1172 3812 calore
1189 3774 1261 3811 exar-

124 3843 181 3894 sit
194 3842 248 3896 Sub
327 3842 530 3910 1111118111·
549 3843 659 3896 calorP
737 3844 784 3895 111
802 3843 866 3896 add.
879 3845 1061 3898 Heumann-os
1138 3844 1170 3897 11
1188 3844 1262 3898 soliti

146 3927 214 3982 Sub:
225 3929 310 3981 solitis
320 3929 347 3982 P
410 3928 445 3980 20
455 3930 587 3996 tempores
596 3928 692 3982 Pcorr
760 3927 794 3981 24
807 3933 941 3983 coactatur
955 3930 1021 3983 Gcl:
1035 3932 1170 3983 coartatur
1180 3930 1207 3982 P

144 4013 281 4067 madidata
307 4013 438 4067 imbribus
469 4013 517 4066 aa
550 4012 687 4066 madidata
714 4028 744 4066 ex
769 4013 901 4067 imbribus
932 4015 1068 4070 Caratacus
1098 4015 1261 4068 madidarier

146 4099 277 4153 imbribus
296 4100 412 4171 ,Grotius
453 4098 554 4152 madori
578 4114 607 4152 ex
628 4098 758 4153 imbribus
778 4100 854 4154 Sulm
978 4102 1011 4156 25
1035 4105 1188 4156 sucrescunt
1208 4101 1260 4156 ceo

75 4249 77 4255 y
146 4185 263 4239 succedit
285 4186 381 4240 Carrio
473 4187 575 4239 resnsat
593 4185 621 4238 P
637 4201 698 4239 corr
803 4185 979 4256 asseritis]
1001 4188 1174 4241 exustisSub

145 4269 181 4324 28
198 4271 294 4325 lumini
313 4270 375 4336 Sao,
394 4288 426 4325 r:
446 4269 556 4324 luminis
575 4270 602 4324 P
