<?xml version="1.0" encoding="UTF-8"?>
<!DOCTYPE html PUBLIC "-//W3C//DTD XHTML 1.0 Transitional//EN"
    "http://www.w3.org/TR/xhtml1/DTD/xhtml1-transitional.dtd">
<html xmlns="http://www.w3.org/1999/xhtml" xml:lang="en" lang="en">
 <head>
  <title>
</title>
<meta http-equiv="Content-Type" content="text/html;charset=utf-8" />
  <meta name='ocr-system' content='tesseract 3.04.00' />
  <meta name='ocr-capabilities' content='ocr_page ocr_carea ocr_par ocr_line ocrx_word'/>
</head>
<body>
  <div class='ocr_page' id='page_1' title='image "arnobiiadversvs00reifgoog_0050.png"; bbox 0 0 2760 4808; ppageno 0'>
   <div class='ocr_carea' id='block_1_1' title="bbox 560 319 1182 386">
    <p class='ocr_par' dir='ltr' id='par_1_1' title="bbox 560 319 1182 386">
     <span class='ocr_line' id='line_1_1' title="bbox 560 319 1182 386; baseline -0.003 -14"><span class='ocrx_word' id='word_1_1' title='bbox 560 319 657 376; x_wconf 68' lang='lat' dir='ltr'>usses</span> <span class='ocrx_word' id='word_1_2' title='bbox 675 319 696 374; x_wconf 89' lang='lat'>1.</span> <span class='ocrx_word' id='word_1_3' title='bbox 1140 320 1182 386; x_wconf 77' lang='lat'>25</span> 
     </span>
    </p>
   </div>
   <div class='ocr_carea' id='block_1_2' title="bbox 32 492 1262 3256">
    <p class='ocr_par' dir='ltr' id='par_1_2' title="bbox 32 492 1262 3256">
     <span class='ocr_line' id='line_1_2' title="bbox 70 492 1182 578; baseline 0 -20"><span class='ocrx_word' id='word_1_4' title='bbox 70 494 184 578; x_wconf 90' lang='lat' dir='ltr'>dignus</span> <span class='ocrx_word' id='word_1_5' title='bbox 205 511 224 557; x_wconf 90' lang='lat' dir='ltr'>a</span> <span class='ocrx_word' id='word_1_6' title='bbox 246 492 331 558; x_wconf 90' lang='lat' dir='ltr'>nobis</span> <span class='ocrx_word' id='word_1_7' title='bbox 360 494 406 558; x_wconf 89' lang='lat' dir='ltr'>est</span> <span class='ocrx_word' id='word_1_8' title='bbox 435 494 592 559; x_wconf 88' lang='lat' dir='ltr'>tantomm</span> <span class='ocrx_word' id='word_1_9' title='bbox 614 492 652 558; x_wconf 93' lang='lat' dir='ltr'>ob</span> <span class='ocrx_word' id='word_1_10' title='bbox 674 512 837 558; x_wconf 92' lang='lat' dir='ltr'>munerum</span> <span class='ocrx_word' id='word_1_11' title='bbox 865 494 997 577; x_wconf 80' lang='lat' dir='ltr'>gratiam</span> <span class='ocrx_word' id='word_1_12' title='bbox 1028 494 1102 558; x_wconf 91' lang='lat' dir='ltr'>deus</span> <span class='ocrx_word' id='word_1_13' title='bbox 1122 493 1182 558; x_wconf 90' lang='lat' dir='ltr'>dici</span> 
     </span>
     <span class='ocr_line' id='line_1_3' title="bbox 71 597 1182 680; baseline -0.001 -18"><span class='ocrx_word' id='word_1_14' title='bbox 71 600 205 678; x_wconf 87' lang='lat' dir='ltr'>deusque</span> <span class='ocrx_word' id='word_1_15' title='bbox 227 597 357 662; x_wconf 80' lang='lat' dir='ltr'>sentiri?</span> <span class='ocrx_word' id='word_1_16' title='bbox 389 598 416 661; x_wconf 93' lang='lat' dir='ltr'>si</span> <span class='ocrx_word' id='word_1_17' title='bbox 439 598 521 662; x_wconf 93' lang='lat' dir='ltr'>enim</span> <span class='ocrx_word' id='word_1_18' title='bbox 542 615 596 661; x_wconf 90' lang='lat' dir='ltr'>uos</span> <span class='ocrx_word' id='word_1_19' title='bbox 618 597 773 676; x_wconf 86' lang='lat' dir='ltr'>Liberum,</span> <span class='ocrx_word' id='word_1_20' title='bbox 803 600 880 679; x_wconf 90' lang='lat' dir='ltr'>quod</span> <span class='ocrx_word' id='word_1_21' title='bbox 904 616 995 662; x_wconf 91' lang='lat' dir='ltr'>usum</span> <span class='ocrx_word' id='word_1_22' title='bbox 1016 597 1182 680; x_wconf 76' lang='lat' dir='ltr'>reppererit</span> 
     </span>
     <span class='ocr_line' id='line_1_4' title="bbox 71 697 1182 782; baseline 0 -18"><span class='ocrx_word' id='word_1_23' title='bbox 71 699 150 778; x_wconf 89' lang='lat' dir='ltr'>uini,</span> <span class='ocrx_word' id='word_1_24' title='bbox 173 699 300 782; x_wconf 88' lang='lat' dir='ltr'>siquod</span> <span class='ocrx_word' id='word_1_25' title='bbox 321 699 418 781; x_wconf 89' lang='lat' dir='ltr'>panis,</span> <span class='ocrx_word' id='word_1_26' title='bbox 441 697 589 778; x_wconf 76' lang='lat' dir='ltr'>Cererem,</span> <span class='ocrx_word' id='word_1_27' title='bbox 613 700 640 764; x_wconf 92' lang='lat' dir='ltr'>si</span> <span class='ocrx_word' id='word_1_28' title='bbox 655 699 881 782; x_wconf 81' lang='lat' dir='ltr'>Aesculapium,</span> <span class='ocrx_word' id='word_1_29' title='bbox 904 701 984 781; x_wconf 91' lang='lat' dir='ltr'>quod</span> <span class='ocrx_word' id='word_1_30' title='bbox 1009 699 1182 778; x_wconf 90' lang='lat' dir='ltr'>herbarum,</span> 
     </span>
     <span class='ocr_line' id='line_1_5' title="bbox 72 780 1184 885; baseline -0.001 -17"><span class='ocrx_word' id='word_1_31' title='bbox 72 803 102 868; x_wconf 91' lang='lat' dir='ltr'>si</span> <span class='ocrx_word' id='word_1_32' title='bbox 125 803 309 882; x_wconf 89' lang='lat' dir='ltr'>Mineruam,</span> <span class='ocrx_word' id='word_1_33' title='bbox 343 803 422 885; x_wconf 90' lang='lat' dir='ltr'>quod</span> <span class='ocrx_word' id='word_1_34' title='bbox 455 803 552 881; x_wconf 90' lang='lat' dir='ltr'>oleae,</span> <span class='ocrx_word' id='word_1_35' title='bbox 587 803 613 868; x_wconf 93' lang='lat' dir='ltr'>si</span> <span class='ocrx_word' id='word_1_36' title='bbox 636 780 874 885; x_wconf 78' lang='lat' dir='ltr'>Triptolemum,</span> <span class='ocrx_word' id='word_1_37' title='bbox 909 806 985 884; x_wconf 89' lang='lat' dir='ltr'>quod</span> <span class='ocrx_word' id='word_1_38' title='bbox 1016 804 1127 882; x_wconf 86' lang='lat' dir='ltr'>aratri,</span> <span class='ocrx_word' id='word_1_39' title='bbox 1157 802 1184 868; x_wconf 90' lang='lat' dir='ltr'>si</span> 
     </span>
     <span class='ocr_line' id='line_1_6' title="bbox 49 905 1183 989; baseline 0.003 -20"><span class='ocrx_word' id='word_1_40' title='bbox 49 906 204 989; x_wconf 80' lang='lat' dir='ltr'>edentque</span> <span class='ocrx_word' id='word_1_41' title='bbox 228 905 400 985; x_wconf 78' lang='lat' dir='ltr'>Herculem,</span> <span class='ocrx_word' id='word_1_42' title='bbox 423 905 503 988; x_wconf 88' lang='lat' dir='ltr'>quod</span> <span class='ocrx_word' id='word_1_43' title='bbox 524 906 613 984; x_wconf 89' lang='lat' dir='ltr'>feras,</span> <span class='ocrx_word' id='word_1_44' title='bbox 637 906 717 989; x_wconf 90' lang='lat' dir='ltr'>quod</span> <span class='ocrx_word' id='word_1_45' title='bbox 738 906 830 985; x_wconf 87' lang='lat' dir='ltr'>fures,</span> <span class='ocrx_word' id='word_1_46' title='bbox 860 908 939 988; x_wconf 89' lang='lat' dir='ltr'>quod</span> <span class='ocrx_word' id='word_1_47' title='bbox 959 907 1183 989; x_wconf 74' lang='lat' dir='ltr'>multiplicium</span> 
     </span>
     <span class='ocr_line' id='line_1_7' title="bbox 73 1006 1217 1092; baseline 0 -18"><span class='ocrx_word' id='word_1_48' title='bbox 73 1008 211 1090; x_wconf 90' lang='lat' dir='ltr'>capitum</span> <span class='ocrx_word' id='word_1_49' title='bbox 231 1009 387 1092; x_wconf 87' lang='lat' dir='ltr'>superauit</span> <span class='ocrx_word' id='word_1_50' title='bbox 408 1009 641 1092; x_wconf 87' lang='lat' dir='ltr'>conpescuitque</span> <span class='ocrx_word' id='word_1_51' title='bbox 662 1009 801 1086; x_wconf 89' lang='lat' dir='ltr'>natrices,</span> <span class='ocrx_word' id='word_1_52' title='bbox 825 1008 967 1074; x_wconf 92' lang='lat' dir='ltr'>diuorum</span> <span class='ocrx_word' id='word_1_53' title='bbox 981 1010 1129 1074; x_wconf 88' lang='lat' dir='ltr'>retulistis</span> <span class='ocrx_word' id='word_1_54' title='bbox 1152 1010 1185 1074; x_wconf 92' lang='lat' dir='ltr'>in</span> <span class='ocrx_word' id='word_1_55' title='bbox 1214 1006 1217 1012; x_wconf 85' lang='grc'><strong>’</strong></span> 
     </span>
     <span class='ocr_line' id='line_1_8' title="bbox 73 1111 1184 1194; baseline 0 -17"><span class='ocrx_word' id='word_1_56' title='bbox 73 1130 212 1177; x_wconf 81' lang='lat' dir='ltr'>censum:</span> <span class='ocrx_word' id='word_1_57' title='bbox 234 1111 396 1177; x_wconf 91' lang='lat' dir='ltr'>honoribus</span> <span class='ocrx_word' id='word_1_58' title='bbox 418 1113 540 1194; x_wconf 85' lang='lat' dir='ltr'>quantis</span> <span class='ocrx_word' id='word_1_59' title='bbox 562 1111 746 1178; x_wconf 87' lang='lat' dir='ltr'>adficiendus</span> <span class='ocrx_word' id='word_1_60' title='bbox 768 1113 815 1177; x_wconf 90' lang='lat' dir='ltr'>est</span> <span class='ocrx_word' id='word_1_61' title='bbox 834 1111 930 1189; x_wconf 88' lang='lat' dir='ltr'>nobis,</span> <span class='ocrx_word' id='word_1_62' title='bbox 953 1113 1006 1194; x_wconf 88' lang='lat' dir='ltr'>qui</span> <span class='ocrx_word' id='word_1_63' title='bbox 1020 1112 1058 1176; x_wconf 89' lang='lat' dir='ltr'>ab</span> <span class='ocrx_word' id='word_1_64' title='bbox 1074 1112 1184 1177; x_wconf 82' lang='lat' dir='ltr'>emori·</span> 
     </span>
     <span class='ocr_line' id='line_1_9' title="bbox 74 1214 1184 1299; baseline 0 -18"><span class='ocrx_word' id='word_1_65' title='bbox 74 1215 133 1281; x_wconf 94' lang='lat' dir='ltr'>bus</span> <span class='ocrx_word' id='word_1_66' title='bbox 155 1233 208 1280; x_wconf 91' lang='lat' dir='ltr'>nos</span> <span class='ocrx_word' id='word_1_67' title='bbox 229 1215 350 1299; x_wconf 86' lang='lat' dir='ltr'>magnis</span> <span class='ocrx_word' id='word_1_68' title='bbox 371 1215 526 1280; x_wconf 90' lang='lat' dir='ltr'>insinuata</span> <span class='ocrx_word' id='word_1_69' title='bbox 553 1216 684 1280; x_wconf 68' lang='lat' dir='ltr'>uerimte</span> <span class='ocrx_word' id='word_1_70' title='bbox 712 1215 865 1292; x_wconf 84' lang='lat' dir='ltr'>traduxit,</span> <span class='ocrx_word' id='word_1_71' title='bbox 899 1215 951 1297; x_wconf 90' lang='lat' dir='ltr'>qui</span> <span class='ocrx_word' id='word_1_72' title='bbox 974 1214 1061 1280; x_wconf 93' lang='lat' dir='ltr'>uelut</span> <span class='ocrx_word' id='word_1_73' title='bbox 1082 1233 1184 1281; x_wconf 89' lang='lat' dir='ltr'>caecos</span> 
     </span>
     <span class='ocr_line' id='line_1_10' title="bbox 73 1315 1258 1404; baseline -0.005 -22"><span class='ocrx_word' id='word_1_74' title='bbox 73 1319 189 1401; x_wconf 89' lang='lat' dir='ltr'>passim</span> <span class='ocrx_word' id='word_1_75' title='bbox 210 1337 246 1383; x_wconf 88' lang='lat' dir='ltr'>ac</span> <span class='ocrx_word' id='word_1_76' title='bbox 266 1318 331 1383; x_wconf 91' lang='lat' dir='ltr'>siue</span> <span class='ocrx_word' id='word_1_77' title='bbox 352 1318 416 1383; x_wconf 92' lang='lat' dir='ltr'>ullo</span> <span class='ocrx_word' id='word_1_78' title='bbox 437 1320 551 1383; x_wconf 89' lang='lat' dir='ltr'>rectore</span> <span class='ocrx_word' id='word_1_79' title='bbox 573 1315 758 1404; x_wconf 71' lang='lat' dir='ltr'>graldisntes</span> <span class='ocrx_word' id='word_1_80' title='bbox 787 1317 825 1382; x_wconf 93' lang='lat' dir='ltr'>ab</span> <span class='ocrx_word' id='word_1_81' title='bbox 848 1317 998 1400; x_wconf 89' lang='lat' dir='ltr'>deruptis,</span> <span class='ocrx_word' id='word_1_82' title='bbox 1026 1318 1063 1383; x_wconf 87' lang='lat' dir='ltr'>ab</span> <span class='ocrx_word' id='word_1_83' title='bbox 1087 1318 1185 1383; x_wconf 77' lang='lat' dir='ltr'>denus</span> <span class='ocrx_word' id='word_1_84' title='bbox 1196 1326 1215 1380; x_wconf 82' lang='lat' dir='ltr'>f.</span> <span class='ocrx_word' id='word_1_85' title='bbox 1226 1328 1258 1377; x_wconf 80' lang='lat'>14</span> 
     </span>
     <span class='ocr_line' id='line_1_11' title="bbox 40 1420 1185 1505; baseline 0.002 -20"><span class='ocrx_word' id='word_1_86' title='bbox 40 1441 66 1480; x_wconf 83' lang='grc' dir='ltr'>ιο</span> <span class='ocrx_word' id='word_1_87' title='bbox 74 1421 149 1485; x_wconf 91' lang='lat' dir='ltr'>locis</span> <span class='ocrx_word' id='word_1_88' title='bbox 175 1420 363 1503; x_wconf 90' lang='lat' dir='ltr'>planioribus</span> <span class='ocrx_word' id='word_1_89' title='bbox 393 1421 543 1501; x_wconf 81' lang='lat' dir='ltr'>reddidit,</span> <span class='ocrx_word' id='word_1_90' title='bbox 572 1420 639 1503; x_wconf 90' lang='lat' dir='ltr'>qui,</span> <span class='ocrx_word' id='word_1_91' title='bbox 668 1421 748 1503; x_wconf 90' lang='lat' dir='ltr'>quod</span> <span class='ocrx_word' id='word_1_92' title='bbox 769 1420 952 1505; x_wconf 86' lang='lat' dir='ltr'>frugiferum</span> <span class='ocrx_word' id='word_1_93' title='bbox 974 1421 1072 1504; x_wconf 93' lang='lat' dir='ltr'>primo</span> <span class='ocrx_word' id='word_1_94' title='bbox 1094 1425 1185 1503; x_wconf 89' lang='lat' dir='ltr'>atque</span> 
     </span>
     <span class='ocr_line' id='line_1_12' title="bbox 73 1523 1185 1610; baseline 0.001 -21"><span class='ocrx_word' id='word_1_95' title='bbox 73 1525 205 1590; x_wconf 91' lang='lat' dir='ltr'>humano</span> <span class='ocrx_word' id='word_1_96' title='bbox 227 1525 329 1610; x_wconf 82' lang='lat' dir='ltr'>generi</span> <span class='ocrx_word' id='word_1_97' title='bbox 351 1526 491 1602; x_wconf 88' lang='lat' dir='ltr'>salutare,</span> <span class='ocrx_word' id='word_1_98' title='bbox 515 1525 588 1590; x_wconf 93' lang='lat' dir='ltr'>deus</span> <span class='ocrx_word' id='word_1_99' title='bbox 610 1524 798 1589; x_wconf 83' lang='lat' dir='ltr'>monstrauit</span> <span class='ocrx_word' id='word_1_100' title='bbox 820 1524 892 1606; x_wconf 90' lang='lat' dir='ltr'>quid</span> <span class='ocrx_word' id='word_1_101' title='bbox 914 1523 965 1602; x_wconf 90' lang='lat' dir='ltr'>sit,</span> <span class='ocrx_word' id='word_1_102' title='bbox 988 1524 1066 1606; x_wconf 90' lang='lat' dir='ltr'>quis,</span> <span class='ocrx_word' id='word_1_103' title='bbox 1090 1544 1185 1606; x_wconf 92' lang='lat' dir='ltr'>quan-</span> 
     </span>
     <span class='ocr_line' id='line_1_13' title="bbox 74 1626 1184 1711; baseline 0.003 -19"><span class='ocrx_word' id='word_1_104' title='bbox 74 1629 126 1692; x_wconf 88' lang='lat' dir='ltr'>tus</span> <span class='ocrx_word' id='word_1_105' title='bbox 149 1629 180 1692; x_wconf 91' lang='lat' dir='ltr'>et</span> <span class='ocrx_word' id='word_1_106' title='bbox 202 1628 308 1710; x_wconf 89' lang='lat' dir='ltr'>qualis,</span> <span class='ocrx_word' id='word_1_107' title='bbox 332 1629 385 1710; x_wconf 90' lang='lat' dir='ltr'>qui</span> <span class='ocrx_word' id='word_1_108' title='bbox 401 1626 563 1711; x_wconf 84' lang='lat' dir='ltr'>profundas</span> <span class='ocrx_word' id='word_1_109' title='bbox 577 1627 641 1691; x_wconf 91' lang='lat' dir='ltr'>eius</span> <span class='ocrx_word' id='word_1_110' title='bbox 656 1629 748 1708; x_wconf 91' lang='lat' dir='ltr'>atque</span> <span class='ocrx_word' id='word_1_111' title='bbox 763 1627 979 1692; x_wconf 78' lang='lat' dir='ltr'>inenarrabiles</span> <span class='ocrx_word' id='word_1_112' title='bbox 995 1627 1184 1707; x_wconf 88' lang='lat' dir='ltr'>altitudines,</span> 
     </span>
     <span class='ocr_line' id='line_1_14' title="bbox 74 1729 1186 1814; baseline 0.003 -20"><span class='ocrx_word' id='word_1_113' title='bbox 74 1733 224 1812; x_wconf 91' lang='lat' dir='ltr'>quantum</span> <span class='ocrx_word' id='word_1_114' title='bbox 246 1732 350 1795; x_wconf 90' lang='lat' dir='ltr'>nostra</span> <span class='ocrx_word' id='word_1_115' title='bbox 378 1731 480 1813; x_wconf 87' lang='lat' dir='ltr'>quiuit</span> <span class='ocrx_word' id='word_1_116' title='bbox 500 1729 708 1808; x_wconf 87' lang='lat' dir='ltr'>mediocritas,</span> <span class='ocrx_word' id='word_1_117' title='bbox 738 1749 843 1814; x_wconf 90' lang='lat' dir='ltr'>capere</span> <span class='ocrx_word' id='word_1_118' title='bbox 865 1731 896 1796; x_wconf 91' lang='lat' dir='ltr'>et</span> <span class='ocrx_word' id='word_1_119' title='bbox 918 1730 1095 1814; x_wconf 84' lang='lat' dir='ltr'>intellegere</span> <span class='ocrx_word' id='word_1_120' title='bbox 1117 1749 1186 1814; x_wconf 91' lang='lat' dir='ltr'>per-</span> 
     </span>
     <span class='ocr_line' id='line_1_15' title="bbox 74 1833 1188 1915; baseline 0.001 -18"><span class='ocrx_word' id='word_1_121' title='bbox 74 1833 162 1897; x_wconf 87' lang='lat' dir='ltr'>misit</span> <span class='ocrx_word' id='word_1_122' title='bbox 190 1834 221 1896; x_wconf 90' lang='lat' dir='ltr'>et</span> <span class='ocrx_word' id='word_1_123' title='bbox 248 1833 364 1910; x_wconf 92' lang='lat' dir='ltr'>docuit,</span> <span class='ocrx_word' id='word_1_124' title='bbox 394 1833 446 1915; x_wconf 90' lang='lat' dir='ltr'>qui</span> <span class='ocrx_word' id='word_1_125' title='bbox 468 1849 527 1914; x_wconf 91' lang='lat' dir='ltr'>quo</span> <span class='ocrx_word' id='word_1_126' title='bbox 549 1835 688 1910; x_wconf 90' lang='lat' dir='ltr'>auctore,</span> <span class='ocrx_word' id='word_1_127' title='bbox 718 1851 776 1914; x_wconf 94' lang='lat' dir='ltr'>quo</span> <span class='ocrx_word' id='word_1_128' title='bbox 803 1833 890 1915; x_wconf 90' lang='lat' dir='ltr'>patre</span> <span class='ocrx_word' id='word_1_129' title='bbox 911 1835 1042 1898; x_wconf 91' lang='lat' dir='ltr'>mundus</span> <span class='ocrx_word' id='word_1_130' title='bbox 1064 1834 1123 1898; x_wconf 90' lang='lat' dir='ltr'>iste</span> <span class='ocrx_word' id='word_1_131' title='bbox 1146 1835 1188 1899; x_wconf 88' lang='lat' dir='ltr'>sit</span> 
     </span>
     <span class='ocr_line' id='line_1_16' title="bbox 39 1933 1187 2020; baseline 0.003 -21"><span class='ocrx_word' id='word_1_132' title='bbox 39 1935 261 2001; x_wconf 69' lang='lat' dir='ltr'>raconst‘tutus</span> <span class='ocrx_word' id='word_1_133' title='bbox 283 1935 314 2000; x_wconf 89' lang='lat' dir='ltr'>et</span> <span class='ocrx_word' id='word_1_134' title='bbox 335 1935 484 2014; x_wconf 89' lang='lat' dir='ltr'>conditus,</span> <span class='ocrx_word' id='word_1_135' title='bbox 507 1933 581 2000; x_wconf 88' lang='lat' dir='ltr'>fecit</span> <span class='ocrx_word' id='word_1_136' title='bbox 602 1935 822 2020; x_wconf 84' lang='lat' dir='ltr'>benignissime</span> <span class='ocrx_word' id='word_1_137' title='bbox 840 1936 920 2013; x_wconf 87' lang='lat' dir='ltr'>sciri,</span> <span class='ocrx_word' id='word_1_138' title='bbox 944 1936 997 2017; x_wconf 90' lang='lat' dir='ltr'>qui</span> <span class='ocrx_word' id='word_1_139' title='bbox 1011 1937 1187 2003; x_wconf 86' lang='lat' dir='ltr'>natiuitatis</span> 
     </span>
     <span class='ocr_line' id='line_1_17' title="bbox 74 2038 1188 2122; baseline 0.003 -20"><span class='ocrx_word' id='word_1_140' title='bbox 74 2039 143 2102; x_wconf 90' lang='lat' dir='ltr'>eius</span> <span class='ocrx_word' id='word_1_141' title='bbox 170 2038 355 2121; x_wconf 88' lang='lat' dir='ltr'>exprompsit</span> <span class='ocrx_word' id='word_1_142' title='bbox 385 2057 480 2122; x_wconf 89' lang='lat' dir='ltr'>genus</span> <span class='ocrx_word' id='word_1_143' title='bbox 509 2039 540 2103; x_wconf 95' lang='lat' dir='ltr'>et</span> <span class='ocrx_word' id='word_1_144' title='bbox 566 2038 682 2103; x_wconf 91' lang='lat' dir='ltr'>nullius</span> <span class='ocrx_word' id='word_1_145' title='bbox 711 2039 872 2121; x_wconf 87' lang='lat' dir='ltr'>aliquando</span> <span class='ocrx_word' id='word_1_146' title='bbox 902 2040 1072 2122; x_wconf 88' lang='lat' dir='ltr'>cognitione</span> <span class='ocrx_word' id='word_1_147' title='bbox 1100 2059 1188 2122; x_wconf 91' lang='lat' dir='ltr'>prae-</span> 
     </span>
     <span class='ocr_line' id='line_1_18' title="bbox 76 2125 1189 2226; baseline 0.002 -20"><span class='ocrx_word' id='word_1_148' title='bbox 76 2141 233 2223; x_wconf 87' lang='lat' dir='ltr'>sumptam</span> <span class='ocrx_word' id='word_1_149' title='bbox 253 2141 415 2206; x_wconf 89' lang='lat' dir='ltr'>materiam</span> <span class='ocrx_word' id='word_1_150' title='bbox 436 2125 536 2221; x_wconf 83' lang='lat' dir='ltr'>illius,</span> <span class='ocrx_word' id='word_1_151' title='bbox 567 2142 648 2207; x_wconf 94' lang='lat' dir='ltr'>unde</span> <span class='ocrx_word' id='word_1_152' title='bbox 676 2141 800 2226; x_wconf 91' lang='lat' dir='ltr'>ignibus</span> <span class='ocrx_word' id='word_1_153' title='bbox 824 2141 896 2206; x_wconf 91' lang='lat' dir='ltr'>solis</span> <span class='ocrx_word' id='word_1_154' title='bbox 919 2143 1064 2226; x_wconf 90' lang='lat' dir='ltr'>genitalis</span> <span class='ocrx_word' id='word_1_155' title='bbox 1087 2142 1189 2208; x_wconf 88' lang='lat' dir='ltr'>feruor</span> 
     </span>
     <span class='ocr_line' id='line_1_19' title="bbox 78 2243 1188 2328; baseline 0.002 -19"><span class='ocrx_word' id='word_1_156' title='bbox 78 2244 228 2321; x_wconf 88' lang='lat' dir='ltr'>adscitus,</span> <span class='ocrx_word' id='word_1_157' title='bbox 253 2262 305 2309; x_wconf 91' lang='lat' dir='ltr'>cur</span> <span class='ocrx_word' id='word_1_158' title='bbox 326 2245 400 2309; x_wconf 92' lang='lat' dir='ltr'>luna</span> <span class='ocrx_word' id='word_1_159' title='bbox 421 2262 540 2328; x_wconf 91' lang='lat' dir='ltr'>semper</span> <span class='ocrx_word' id='word_1_160' title='bbox 561 2245 593 2309; x_wconf 92' lang='lat' dir='ltr'>iu</span> <span class='ocrx_word' id='word_1_161' title='bbox 615 2244 716 2322; x_wconf 91' lang='lat' dir='ltr'>motu,</span> <span class='ocrx_word' id='word_1_162' title='bbox 746 2243 881 2309; x_wconf 89' lang='lat' dir='ltr'>isdemne</span> <span class='ocrx_word' id='word_1_163' title='bbox 903 2243 971 2325; x_wconf 89' lang='lat' dir='ltr'>quis</span> <span class='ocrx_word' id='word_1_164' title='bbox 994 2246 1128 2310; x_wconf 90' lang='lat' dir='ltr'>creditur</span> <span class='ocrx_word' id='word_1_165' title='bbox 1149 2266 1188 2312; x_wconf 92' lang='lat' dir='ltr'>an</span> 
     </span>
     <span class='ocr_line' id='line_1_20' title="bbox 77 2346 1189 2431; baseline 0.002 -19"><span class='ocrx_word' id='word_1_166' title='bbox 77 2346 148 2412; x_wconf 92' lang='lat' dir='ltr'>aliis</span> <span class='ocrx_word' id='word_1_167' title='bbox 170 2347 268 2412; x_wconf 91' lang='lat' dir='ltr'>causis</span> <span class='ocrx_word' id='word_1_168' title='bbox 288 2347 389 2412; x_wconf 92' lang='lat' dir='ltr'>lucem</span> <span class='ocrx_word' id='word_1_169' title='bbox 417 2366 535 2431; x_wconf 88' lang='lat' dir='ltr'>semper</span> <span class='ocrx_word' id='word_1_170' title='bbox 564 2348 655 2429; x_wconf 87' lang='lat' dir='ltr'>atque</span> <span class='ocrx_word' id='word_1_171' title='bbox 683 2347 900 2413; x_wconf 86' lang='lat' dir='ltr'>obscuritatem</span> <span class='ocrx_word' id='word_1_172' title='bbox 928 2366 1092 2426; x_wconf 89' lang='lat' dir='ltr'>resumens,</span> <span class='ocrx_word' id='word_1_173' title='bbox 1123 2351 1189 2415; x_wconf 90' lang='lat' dir='ltr'>ani·</span> 
     </span>
     <span class='ocr_line' id='line_1_21' title="bbox 32 2434 1190 2535; baseline 0.003 -21"><span class='ocrx_word' id='word_1_174' title='bbox 32 2449 206 2514; x_wconf 75' lang='lat' dir='ltr'>remelium</span> <span class='ocrx_word' id='word_1_175' title='bbox 233 2451 317 2535; x_wconf 88' lang='lat' dir='ltr'>origo</span> <span class='ocrx_word' id='word_1_176' title='bbox 334 2434 422 2534; x_wconf 73' lang='lat' dir='ltr'>&#39;quae</span> <span class='ocrx_word' id='word_1_177' title='bbox 448 2452 505 2531; x_wconf 91' lang='lat' dir='ltr'>sit,</span> <span class='ocrx_word' id='word_1_178' title='bbox 538 2451 670 2516; x_wconf 90' lang='lat' dir='ltr'>rationes</span> <span class='ocrx_word' id='word_1_179' title='bbox 699 2470 774 2533; x_wconf 89' lang='lat' dir='ltr'>quas</span> <span class='ocrx_word' id='word_1_180' title='bbox 800 2450 934 2516; x_wconf 87' lang='lat' dir='ltr'>habeant</span> <span class='ocrx_word' id='word_1_181' title='bbox 955 2453 1087 2530; x_wconf 88' lang='lat' dir='ltr'>semina,</span> <span class='ocrx_word' id='word_1_182' title='bbox 1121 2453 1190 2534; x_wconf 93' lang='lat' dir='ltr'>quis</span> 
     </span>
     <span class='ocr_line' id='line_1_22' title="bbox 76 2552 1189 2637; baseline 0.003 -21"><span class='ocrx_word' id='word_1_183' title='bbox 76 2552 179 2636; x_wconf 92' lang='lat' dir='ltr'>ipsum</span> <span class='ocrx_word' id='word_1_184' title='bbox 200 2553 320 2620; x_wconf 86' lang='lat' dir='ltr'>finxerit</span> <span class='ocrx_word' id='word_1_185' title='bbox 341 2555 511 2633; x_wconf 89' lang='lat' dir='ltr'>hominem,</span> <span class='ocrx_word' id='word_1_186' title='bbox 541 2555 609 2636; x_wconf 88' lang='lat' dir='ltr'>quis</span> <span class='ocrx_word' id='word_1_187' title='bbox 631 2554 806 2619; x_wconf 87' lang='lat' dir='ltr'>informarit</span> <span class='ocrx_word' id='word_1_188' title='bbox 833 2553 884 2618; x_wconf 90' lang='lat' dir='ltr'>uel</span> <span class='ocrx_word' id='word_1_189' title='bbox 907 2573 941 2618; x_wconf 86' lang='lat' dir='ltr'>ex</span> <span class='ocrx_word' id='word_1_190' title='bbox 963 2555 1110 2620; x_wconf 88' lang='lat' dir='ltr'>materiae</span> <span class='ocrx_word' id='word_1_191' title='bbox 1131 2574 1189 2637; x_wconf 90' lang='lat' dir='ltr'>quo</span> 
     </span>
     <span class='ocr_line' id='line_1_23' title="bbox 76 2657 1191 2740; baseline 0.004 -20"><span class='ocrx_word' id='word_1_192' title='bbox 76 2674 186 2740; x_wconf 89' lang='lat' dir='ltr'>genere</span> <span class='ocrx_word' id='word_1_193' title='bbox 208 2657 465 2723; x_wconf 87' lang='lat' dir='ltr'>constructionem</span> <span class='ocrx_word' id='word_1_194' title='bbox 485 2659 584 2740; x_wconf 91' lang='lat' dir='ltr'>ipsam</span> <span class='ocrx_word' id='word_1_195' title='bbox 607 2657 835 2723; x_wconf 87' lang='lat' dir='ltr'>confirmauerit</span> <span class='ocrx_word' id='word_1_196' title='bbox 856 2675 1029 2739; x_wconf 90' lang='lat' dir='ltr'>corporum,</span> <span class='ocrx_word' id='word_1_197' title='bbox 1053 2659 1126 2740; x_wconf 88' lang='lat' dir='ltr'>quid</span> <span class='ocrx_word' id='word_1_198' title='bbox 1149 2660 1191 2732; x_wconf 85' lang='lat' dir='ltr'>sit</span> 
     </span>
     <span class='ocr_line' id='line_1_24' title="bbox 77 2760 1262 2845; baseline 0.003 -21"><span class='ocrx_word' id='word_1_199' title='bbox 77 2778 197 2838; x_wconf 90' lang='lat' dir='ltr'>seusus,</span> <span class='ocrx_word' id='word_1_200' title='bbox 226 2761 299 2842; x_wconf 89' lang='lat' dir='ltr'>quid</span> <span class='ocrx_word' id='word_1_201' title='bbox 320 2760 436 2839; x_wconf 90' lang='lat' dir='ltr'>anima,</span> <span class='ocrx_word' id='word_1_202' title='bbox 465 2761 656 2826; x_wconf 87' lang='lat' dir='ltr'>aduolaritne</span> <span class='ocrx_word' id='word_1_203' title='bbox 679 2764 717 2826; x_wconf 88' lang='lat' dir='ltr'>ad</span> <span class='ocrx_word' id='word_1_204' title='bbox 738 2778 792 2825; x_wconf 92' lang='lat' dir='ltr'>nos</span> <span class='ocrx_word' id='word_1_205' title='bbox 820 2763 937 2843; x_wconf 90' lang='lat' dir='ltr'>sponte·</span> <span class='ocrx_word' id='word_1_206' title='bbox 955 2779 994 2825; x_wconf 91' lang='lat' dir='ltr'>au</span> <span class='ocrx_word' id='word_1_207' title='bbox 1024 2780 1094 2827; x_wconf 91' lang='lat' dir='ltr'>eum</span> <span class='ocrx_word' id='word_1_208' title='bbox 1115 2763 1190 2845; x_wconf 92' lang='lat' dir='ltr'>ipsis</span> <span class='ocrx_word' id='word_1_209' title='bbox 1256 2774 1262 2785; x_wconf 84' lang='lat'><strong><em>‘</em></strong></span> 
     </span>
     <span class='ocr_line' id='line_1_25' title="bbox 77 2863 1191 2948; baseline 0.004 -21"><span class='ocrx_word' id='word_1_210' title='bbox 77 2863 145 2927; x_wconf 90' lang='lat' dir='ltr'>sata</span> <span class='ocrx_word' id='word_1_211' title='bbox 171 2863 213 2927; x_wconf 88' lang='lat' dir='ltr'>sit</span> <span class='ocrx_word' id='word_1_212' title='bbox 240 2864 271 2929; x_wconf 86' lang='lat' dir='ltr'>et</span> <span class='ocrx_word' id='word_1_213' title='bbox 302 2864 458 2945; x_wconf 87' lang='lat' dir='ltr'>procreata</span> <span class='ocrx_word' id='word_1_214' title='bbox 489 2863 672 2942; x_wconf 91' lang='lat' dir='ltr'>uisceribus,</span> <span class='ocrx_word' id='word_1_215' title='bbox 705 2864 814 2929; x_wconf 89' lang='lat' dir='ltr'>mortis</span> <span class='ocrx_word' id='word_1_216' title='bbox 845 2864 995 2945; x_wconf 89' lang='lat' dir='ltr'>particeps</span> <span class='ocrx_word' id='word_1_217' title='bbox 1028 2865 1119 2948; x_wconf 89' lang='lat' dir='ltr'>degat</span> <span class='ocrx_word' id='word_1_218' title='bbox 1151 2885 1191 2931; x_wconf 91' lang='lat' dir='ltr'>an</span> 
     </span>
     <span class='ocr_line' id='line_1_26' title="bbox 39 2966 1188 3050; baseline 0.006 -25"><span class='ocrx_word' id='word_1_219' title='bbox 39 2985 67 3025; x_wconf 75' lang='lat' dir='ltr'>ee</span> <span class='ocrx_word' id='word_1_220' title='bbox 76 2966 309 3031; x_wconf 86' lang='lat' dir='ltr'>inmortalitatis</span> <span class='ocrx_word' id='word_1_221' title='bbox 337 2966 543 3050; x_wconf 88' lang='lat' dir='ltr'>perpetuitate</span> <span class='ocrx_word' id='word_1_222' title='bbox 565 2968 676 3032; x_wconf 89' lang='lat' dir='ltr'>donata</span> <span class='ocrx_word' id='word_1_223' title='bbox 698 2967 753 3045; x_wconf 88' lang='lat' dir='ltr'>sit,</span> <span class='ocrx_word' id='word_1_224' title='bbox 783 2967 835 3048; x_wconf 90' lang='lat' dir='ltr'>qui</span> <span class='ocrx_word' id='word_1_225' title='bbox 859 2968 958 3032; x_wconf 90' lang='lat' dir='ltr'>status</span> <span class='ocrx_word' id='word_1_226' title='bbox 980 2985 1033 3032; x_wconf 91' lang='lat' dir='ltr'>nos</span> <span class='ocrx_word' id='word_1_227' title='bbox 1055 2969 1188 3047; x_wconf 89' lang='lat' dir='ltr'>maneat,</span> 
     </span>
     <span class='ocr_line' id='line_1_27' title="bbox 76 3069 1191 3148; baseline 0.002 -14"><span class='ocrx_word' id='word_1_228' title='bbox 76 3087 148 3134; x_wconf 91' lang='lat' dir='ltr'>curn</span> <span class='ocrx_word' id='word_1_229' title='bbox 174 3069 331 3136; x_wconf 90' lang='lat' dir='ltr'>dissolutis</span> <span class='ocrx_word' id='word_1_230' title='bbox 358 3069 524 3135; x_wconf 88' lang='lat' dir='ltr'>abierimus</span> <span class='ocrx_word' id='word_1_231' title='bbox 552 3071 752 3148; x_wconf 88' lang='lat' dir='ltr'>amembris,</span> <span class='ocrx_word' id='word_1_232' title='bbox 785 3070 921 3135; x_wconf 90' lang='lat' dir='ltr'>uisurine</span> <span class='ocrx_word' id='word_1_233' title='bbox 942 3088 1005 3134; x_wconf 92' lang='lat' dir='ltr'>uos·</span> <span class='ocrx_word' id='word_1_234' title='bbox 1027 3069 1122 3135; x_wconf 90' lang='lat' dir='ltr'>simus</span> <span class='ocrx_word' id='word_1_235' title='bbox 1152 3090 1191 3136; x_wconf 91' lang='lat' dir='ltr'>an</span> 
     </span>
     <span class='ocr_line' id='line_1_28' title="bbox 77 3172 1191 3256; baseline 0.001 -18"><span class='ocrx_word' id='word_1_236' title='bbox 77 3174 257 3238; x_wconf 87' lang='lat' dir='ltr'>memoriam</span> <span class='ocrx_word' id='word_1_237' title='bbox 279 3173 396 3239; x_wconf 90' lang='lat' dir='ltr'>nullam</span> <span class='ocrx_word' id='word_1_238' title='bbox 417 3173 514 3239; x_wconf 89' lang='lat' dir='ltr'>nostri</span> <span class='ocrx_word' id='word_1_239' title='bbox 537 3191 643 3238; x_wconf 91' lang='lat' dir='ltr'>seusus</span> <span class='ocrx_word' id='word_1_240' title='bbox 666 3175 697 3238; x_wconf 88' lang='lat' dir='ltr'>et</span> <span class='ocrx_word' id='word_1_241' title='bbox 718 3172 935 3238; x_wconf 89' lang='lat' dir='ltr'>recordationis</span> <span class='ocrx_word' id='word_1_242' title='bbox 957 3172 1122 3237; x_wconf 80' lang='lat' dir='ltr'>habituri·</span> <span class='ocrx_word' id='word_1_243' title='bbox 1138 3174 1191 3256; x_wconf 89' lang='lat' dir='ltr'>qui</span> 
     </span>
    </p>
   </div>
   <div class='ocr_carea' id='block_1_3' title="bbox 73 3392 1192 4307">
    <p class='ocr_par' dir='ltr' id='par_1_3' title="bbox 73 3392 1192 4307">
     <span class='ocr_line' id='line_1_29' title="bbox 113 3392 1123 3448; baseline 0.001 -1"><span class='ocrx_word' id='word_1_244' title='bbox 113 3393 279 3448; x_wconf 73' lang='lat' dir='ltr'>desererem</span> <span class='ocrx_word' id='word_1_245' title='bbox 296 3395 324 3448; x_wconf 92' lang='lat' dir='ltr'><strong><em>P</em></strong></span> <span class='ocrx_word' id='word_1_246' title='bbox 457 3395 475 3448; x_wconf 87' lang='lat'>4</span> <span class='ocrx_word' id='word_1_247' title='bbox 495 3392 641 3448; x_wconf 86' lang='lat' dir='ltr'>minerbam</span> <span class='ocrx_word' id='word_1_248' title='bbox 666 3395 693 3447; x_wconf 93' lang='lat' dir='ltr'><strong><em>P</em></strong></span> <span class='ocrx_word' id='word_1_249' title='bbox 709 3409 770 3448; x_wconf 83' lang='lat' dir='ltr'>corr·</span> <span class='ocrx_word' id='word_1_250' title='bbox 905 3395 993 3448; x_wconf 86' lang='lat' dir='ltr'>elaeae</span> <span class='ocrx_word' id='word_1_251' title='bbox 1018 3394 1045 3447; x_wconf 92' lang='lat' dir='ltr'><strong><em>P</em></strong></span> <span class='ocrx_word' id='word_1_252' title='bbox 1061 3409 1123 3448; x_wconf 82' lang='lat' dir='ltr'>corr</span> 
     </span>
     <span class='ocr_line' id='line_1_30' title="bbox 75 3478 1188 3550; baseline 0 -18"><span class='ocrx_word' id='word_1_253' title='bbox 75 3479 268 3548; x_wconf 82' lang='lat' dir='ltr'>Triptolemum</span> <span class='ocrx_word' id='word_1_254' title='bbox 290 3479 354 3535; x_wconf 66' lang='lat' dir='ltr'>cer:</span> <span class='ocrx_word' id='word_1_255' title='bbox 378 3480 564 3549; x_wconf 84' lang='lat' dir='ltr'>treptolemum</span> <span class='ocrx_word' id='word_1_256' title='bbox 582 3481 609 3533; x_wconf 94' lang='lat' dir='ltr'><strong><em>P</em></strong></span> <span class='ocrx_word' id='word_1_257' title='bbox 628 3480 830 3550; x_wconf 88' lang='lat' dir='ltr'>Neoptolemum</span> <span class='ocrx_word' id='word_1_258' title='bbox 847 3478 902 3534; x_wconf 79' lang='lat' dir='ltr'>Sub</span> <span class='ocrx_word' id='word_1_259' title='bbox 1040 3480 1054 3533; x_wconf 84' lang='grc'><strong>7</strong></span> <span class='ocrx_word' id='word_1_260' title='bbox 1073 3480 1188 3549; x_wconf 88' lang='lat' dir='ltr'>censum]</span> 
     </span>
     <span class='ocr_line' id='line_1_31' title="bbox 75 3564 1191 3637; baseline -0.002 -17"><span class='ocrx_word' id='word_1_261' title='bbox 75 3566 180 3620; x_wconf 87' lang='lat' dir='ltr'>coetum</span> <span class='ocrx_word' id='word_1_262' title='bbox 192 3564 248 3619; x_wconf 80' lang='lat' dir='ltr'>Sub</span> <span class='ocrx_word' id='word_1_263' title='bbox 333 3565 525 3635; x_wconf 86' lang='lat' dir='ltr'>9abderuptis</span> <span class='ocrx_word' id='word_1_264' title='bbox 540 3567 567 3619; x_wconf 94' lang='lat' dir='ltr'><strong><em>P</em></strong></span> <span class='ocrx_word' id='word_1_265' title='bbox 652 3567 682 3619; x_wconf 92' lang='grc'>11</span> <span class='ocrx_word' id='word_1_266' title='bbox 695 3566 798 3634; x_wconf 88' lang='lat' dir='ltr'>generis</span> <span class='ocrx_word' id='word_1_267' title='bbox 811 3566 837 3618; x_wconf 94' lang='lat' dir='ltr'><strong><em>P</em></strong></span> <span class='ocrx_word' id='word_1_268' title='bbox 916 3565 949 3620; x_wconf 85' lang='lat'>16</span> <span class='ocrx_word' id='word_1_269' title='bbox 961 3565 1113 3637; x_wconf 86' lang='lat' dir='ltr'>cognitione</span> <span class='ocrx_word' id='word_1_270' title='bbox 1127 3565 1191 3619; x_wconf 72' lang='lat' dir='ltr'>cos:</span> 
     </span>
     <span class='ocr_line' id='line_1_32' title="bbox 76 3651 1130 3722; baseline -0.003 -16"><span class='ocrx_word' id='word_1_271' title='bbox 76 3651 235 3720; x_wconf 82' lang='lat' dir='ltr'>cognatione</span> <span class='ocrx_word' id='word_1_272' title='bbox 245 3651 272 3704; x_wconf 92' lang='lat' dir='ltr'><strong><em>P</em></strong></span> <span class='ocrx_word' id='word_1_273' title='bbox 338 3654 534 3722; x_wconf 87' lang='lat' dir='ltr'>praesumptam</span> <span class='ocrx_word' id='word_1_274' title='bbox 547 3651 685 3704; x_wconf 85' lang='lat' dir='ltr'>materiam</span> <span class='ocrx_word' id='word_1_275' title='bbox 698 3651 761 3705; x_wconf 79' lang='lat' dir='ltr'>Get.-</span> <span class='ocrx_word' id='word_1_276' title='bbox 774 3654 971 3718; x_wconf 89' lang='lat' dir='ltr'>praesumptum</span> <span class='ocrx_word' id='word_1_277' title='bbox 983 3651 1094 3715; x_wconf 82' lang='lat' dir='ltr'>materia</span> <span class='ocrx_word' id='word_1_278' title='bbox 1103 3652 1130 3704; x_wconf 94' lang='lat' dir='ltr'><strong><em>P</em></strong></span> 
     </span>
     <span class='ocr_line' id='line_1_33' title="bbox 77 3736 1192 3809; baseline -0.004 -18"><span class='ocrx_word' id='word_1_279' title='bbox 77 3737 111 3791; x_wconf 85' lang='grc'>18</span> <span class='ocrx_word' id='word_1_280' title='bbox 127 3736 245 3791; x_wconf 86' lang='lat' dir='ltr'>adscitus</span> <span class='ocrx_word' id='word_1_281' title='bbox 262 3738 414 3809; x_wconf 76' lang='lat' dir='ltr'>Rs&#39;gclts&#39;cs:</span> <span class='ocrx_word' id='word_1_282' title='bbox 436 3737 552 3791; x_wconf 87' lang='lat' dir='ltr'>adscitur</span> <span class='ocrx_word' id='word_1_283' title='bbox 570 3739 598 3791; x_wconf 94' lang='lat' dir='ltr'><strong><em>P</em></strong></span> <span class='ocrx_word' id='word_1_284' title='bbox 614 3737 769 3792; x_wconf 83' lang='lat' dir='ltr'>adsciscitur</span> <span class='ocrx_word' id='word_1_285' title='bbox 786 3737 838 3793; x_wconf 83' lang='lat' dir='ltr'>Urs</span> <span class='ocrx_word' id='word_1_286' title='bbox 939 3738 968 3789; x_wconf 90' lang='lat' dir='ltr'>in</span> <span class='ocrx_word' id='word_1_287' title='bbox 986 3736 1070 3805; x_wconf 90' lang='lat' dir='ltr'>motu]</span> <span class='ocrx_word' id='word_1_288' title='bbox 1089 3736 1116 3788; x_wconf 94' lang='lat' dir='ltr'>iu</span> <span class='ocrx_word' id='word_1_289' title='bbox 1134 3751 1192 3788; x_wconf 90' lang='lat' dir='ltr'>mu·</span> 
     </span>
     <span class='ocr_line' id='line_1_34' title="bbox 74 3821 1192 3891; baseline -0.004 -14"><span class='ocrx_word' id='word_1_290' title='bbox 74 3823 132 3878; x_wconf 90' lang='lat' dir='ltr'>tuis</span> <span class='ocrx_word' id='word_1_291' title='bbox 151 3822 225 3877; x_wconf 76' lang='lat' dir='ltr'>Sator</span> <span class='ocrx_word' id='word_1_292' title='bbox 326 3823 442 3877; x_wconf 91' lang='lat' dir='ltr'>isdemne</span> <span class='ocrx_word' id='word_1_293' title='bbox 459 3823 519 3891; x_wconf 91' lang='lat' dir='ltr'>quis</span> <span class='ocrx_word' id='word_1_294' title='bbox 537 3822 653 3876; x_wconf 87' lang='lat' dir='ltr'>creditur</span> <span class='ocrx_word' id='word_1_295' title='bbox 674 3822 825 3876; x_wconf 77' lang='lat' dir='ltr'>Votienus:</span> <span class='ocrx_word' id='word_1_296' title='bbox 849 3821 940 3876; x_wconf 87' lang='lat' dir='ltr'>isdem.</span> <span class='ocrx_word' id='word_1_297' title='bbox 959 3821 1039 3889; x_wconf 89' lang='lat' dir='ltr'>(idem</span> <span class='ocrx_word' id='word_1_298' title='bbox 1058 3823 1128 3887; x_wconf 83' lang='lat' dir='ltr'>corr)</span> <span class='ocrx_word' id='word_1_299' title='bbox 1147 3837 1192 3873; x_wconf 89' lang='lat' dir='ltr'>ne·</span> 
     </span>
     <span class='ocr_line' id='line_1_35' title="bbox 76 3904 1192 3976; baseline -0.002 -14"><span class='ocrx_word' id='word_1_300' title='bbox 76 3909 138 3976; x_wconf 89' lang='lat' dir='ltr'>quis</span> <span class='ocrx_word' id='word_1_301' title='bbox 155 3909 271 3962; x_wconf 86' lang='lat' dir='ltr'>creditur</span> <span class='ocrx_word' id='word_1_302' title='bbox 282 3909 309 3962; x_wconf 94' lang='lat' dir='ltr'><strong><em>P</em></strong></span> <span class='ocrx_word' id='word_1_303' title='bbox 325 3909 396 3963; x_wconf 88' lang='lat' dir='ltr'>idem</span> <span class='ocrx_word' id='word_1_304' title='bbox 413 3924 445 3962; x_wconf 92' lang='lat' dir='ltr'>ne</span> <span class='ocrx_word' id='word_1_305' title='bbox 462 3907 522 3976; x_wconf 85' lang='lat' dir='ltr'>quis</span> <span class='ocrx_word' id='word_1_306' title='bbox 540 3907 655 3962; x_wconf 89' lang='lat' dir='ltr'>creditur</span> <span class='ocrx_word' id='word_1_307' title='bbox 668 3906 722 3961; x_wconf 83' lang='lat' dir='ltr'>sao</span> <span class='ocrx_word' id='word_1_308' title='bbox 741 3907 871 3961; x_wconf 91' lang='lat' dir='ltr'>indemnis</span> <span class='ocrx_word' id='word_1_309' title='bbox 889 3905 1002 3961; x_wconf 90' lang='lat' dir='ltr'>creditur</span> <span class='ocrx_word' id='word_1_310' title='bbox 1019 3906 1070 3959; x_wconf 82' lang='lat' dir='ltr'>Get</span> <span class='ocrx_word' id='word_1_311' title='bbox 1088 3904 1192 3961; x_wconf 85' lang='lat' dir='ltr'>idemne</span> 
     </span>
     <span class='ocr_line' id='line_1_36' title="bbox 74 3991 1192 4062; baseline -0.002 -14"><span class='ocrx_word' id='word_1_312' title='bbox 74 3995 149 4048; x_wconf 90' lang='lat' dir='ltr'>orbis</span> <span class='ocrx_word' id='word_1_313' title='bbox 171 3995 291 4050; x_wconf 89' lang='lat' dir='ltr'>redditur</span> <span class='ocrx_word' id='word_1_314' title='bbox 314 3993 366 4048; x_wconf 78' lang='lat' dir='ltr'>Urs</span> <span class='ocrx_word' id='word_1_315' title='bbox 393 3994 433 4062; x_wconf 83' lang='lat' dir='ltr'>(in</span> <span class='ocrx_word' id='word_1_316' title='bbox 450 3994 560 4062; x_wconf 86' lang='lat' dir='ltr'>mutuis)</span> <span class='ocrx_word' id='word_1_317' title='bbox 582 3992 685 4047; x_wconf 88' lang='lat' dir='ltr'>damnis</span> <span class='ocrx_word' id='word_1_318' title='bbox 707 4009 736 4046; x_wconf 88' lang='lat' dir='ltr'>ac</span> <span class='ocrx_word' id='word_1_319' title='bbox 764 3993 902 4047; x_wconf 88' lang='lat' dir='ltr'>crementis</span> <span class='ocrx_word' id='word_1_320' title='bbox 920 3992 996 4046; x_wconf 78' lang='lat' dir='ltr'>Sotm</span> <span class='ocrx_word' id='word_1_321' title='bbox 1021 3991 1088 4045; x_wconf 93' lang='lat' dir='ltr'>ideis</span> <span class='ocrx_word' id='word_1_322' title='bbox 1113 3992 1192 4046; x_wconf 89' lang='lat' dir='ltr'>nouis</span> 
     </span>
     <span class='ocr_line' id='line_1_37' title="bbox 75 4076 1132 4147; baseline -0.004 -13"><span class='ocrx_word' id='word_1_323' title='bbox 75 4080 194 4136; x_wconf 89' lang='lat' dir='ltr'>cernitur</span> <span class='ocrx_word' id='word_1_324' title='bbox 206 4080 347 4134; x_wconf 75' lang='lat' dir='ltr'>Mercurius</span> <span class='ocrx_word' id='word_1_325' title='bbox 432 4095 466 4134; x_wconf 88' lang='lat' dir='ltr'>an</span> <span class='ocrx_word' id='word_1_326' title='bbox 477 4078 538 4133; x_wconf 86' lang='lat' dir='ltr'>aliis</span> <span class='ocrx_word' id='word_1_327' title='bbox 547 4079 656 4147; x_wconf 78' lang='lat' dir='ltr'>scripsi:</span> <span class='ocrx_word' id='word_1_328' title='bbox 675 4078 833 4132; x_wconf 84' lang='lat' dir='ltr'>animalibus</span> <span class='ocrx_word' id='word_1_329' title='bbox 847 4078 874 4131; x_wconf 97' lang='lat' dir='ltr'><strong><em>P</em></strong></span> <span class='ocrx_word' id='word_1_330' title='bbox 885 4076 1043 4132; x_wconf 88' lang='lat' dir='ltr'>annualibus</span> <span class='ocrx_word' id='word_1_331' title='bbox 1056 4077 1132 4132; x_wconf 78' lang='lat' dir='ltr'>Salsa</span> 
     </span>
     <span class='ocr_line' id='line_1_38' title="bbox 73 4162 1122 4222; baseline -0.003 -2"><span class='ocrx_word' id='word_1_332' title='bbox 73 4167 111 4220; x_wconf 79' lang='lat'>20</span> <span class='ocrx_word' id='word_1_333' title='bbox 133 4166 167 4221; x_wconf 89' lang='lat' dir='ltr'>sit</span> <span class='ocrx_word' id='word_1_334' title='bbox 185 4167 212 4220; x_wconf 94' lang='lat' dir='ltr'><strong><em>P</em></strong></span> <span class='ocrx_word' id='word_1_335' title='bbox 312 4166 429 4222; x_wconf 87' lang='lat' dir='ltr'>habeant</span> <span class='ocrx_word' id='word_1_336' title='bbox 451 4166 522 4220; x_wconf 78' lang='lat' dir='ltr'>Sat.-</span> <span class='ocrx_word' id='word_1_337' title='bbox 551 4162 695 4218; x_wconf 86' lang='lat' dir='ltr'>habentP</span> <span class='ocrx_word' id='word_1_338' title='bbox 795 4163 829 4216; x_wconf 78' lang='lat'>22</span> <span class='ocrx_word' id='word_1_339' title='bbox 847 4163 1047 4218; x_wconf 82' lang='lat' dir='ltr'>conformarerit</span> <span class='ocrx_word' id='word_1_340' title='bbox 1071 4163 1122 4217; x_wconf 86' lang='lat' dir='ltr'>Urs</span> 
     </span>
     <span class='ocr_line' id='line_1_39' title="bbox 73 4248 1051 4307; baseline -0.003 -1"><span class='ocrx_word' id='word_1_341' title='bbox 73 4252 109 4306; x_wconf 77' lang='lat'>26</span> <span class='ocrx_word' id='word_1_342' title='bbox 129 4250 279 4307; x_wconf 64' lang='lat' dir='ltr'>dissoluatis</span> <span class='ocrx_word' id='word_1_343' title='bbox 297 4252 324 4305; x_wconf 94' lang='lat' dir='ltr'><strong><em>P</em></strong></span> <span class='ocrx_word' id='word_1_344' title='bbox 423 4251 553 4306; x_wconf 87' lang='lat' dir='ltr'>uicturine</span> <span class='ocrx_word' id='word_1_345' title='bbox 572 4250 626 4306; x_wconf 77' lang='lat' dir='ltr'>Sub</span> <span class='ocrx_word' id='word_1_346' title='bbox 728 4249 811 4303; x_wconf 88' lang='lat' dir='ltr'>simus</span> <span class='ocrx_word' id='word_1_347' title='bbox 830 4248 897 4304; x_wconf 78' lang='lat' dir='ltr'>sae.-</span> <span class='ocrx_word' id='word_1_348' title='bbox 915 4266 1005 4304; x_wconf 89' lang='lat' dir='ltr'>sumus</span> <span class='ocrx_word' id='word_1_349' title='bbox 1024 4250 1051 4303; x_wconf 94' lang='lat' dir='ltr'><strong><em>P</em></strong></span> 
     </span>
    </p>
   </div>
   <div class='ocr_carea' id='block_1_4' title="bbox 0 0 1393 4808">
    <p class='ocr_par' dir='ltr' id='par_1_4' title="bbox 0 0 1393 4808">
     <span class='ocr_line' id='line_1_40' title="bbox 0 0 1393 4808; baseline 0 0"><span class='ocrx_word' id='word_1_350' title='bbox 0 0 1393 4808; x_wconf 95' lang='lat' dir='ltr'> </span> 
     </span>
    </p>
   </div>
  </div>
 </body>
</html>
