2760 4808
591 342 689 396 Liber
705 341 728 396 Ι.
1172 341 1212 407 27

100 513 201 579 inlata
233 513 368 596 decessit
410 513 599 597 Pythagoras
632 513 755 580 Samius
791 512 961 597 suspicione
998 511 1213 578 dominationis

100 616 217 682 iniusta
231 617 322 682 uiuus
337 618 544 683 concrematus
559 618 592 682 in
608 604 678 682 fario
694 617 757 682 est:
780 615 929 698 numquid
955 633 990 681 oa
1011 634 1087 698 quae
1110 614 1213 681 docuit

100 719 168 784 uim
189 719 343 802 propriam
363 720 576 802 perdiderrmt,
600 724 752 802 quianon
775 718 919 800 spiritum
941 720 1047 800 sponte
1070 717 1123 784 sod
1145 737 1213 784 cru·

102 821 229 888 delitate
263 823 418 906 adpetitus
451 823 581 889 eflirdit?
625 822 769 889 similiter
802 821 938 888 Socrates
972 820 1109 888 ciuitatis
1142 838 1215 886 suae

77 925 215 992 siudicio
237 928 398 992 damnatus
426 926 552 1011 capitali
575 927 712 992 adfectus
735 927 781 992 est
806 944 915 1009 poena:
949 924 1099 1007 numquid
1120 923 1215 988 inrita

101 1028 183 1094 facta
209 1030 284 1102 sunt.
308 1048 383 1111 qnae
410 1029 541 1094 suntab
564 1047 598 1094 eo
621 1030 658 1095 de
685 1030 821 1095 moribus
848 1027 1018 1093 uirtutibus
1046 1029 1078 1092 11
1105 1026 1214 1093 officiis

101 1131 268 1214 disputata,
292 1133 362 1215 qnia
384 1132 496 1198 iniuria
517 1135 660 1218 expulsus
682 1153 698 1200 e
719 1133 787 1198 uita
809 1134 879 1199 ost?
906 1129 1144 1196 innumerabiles
1160 1130 1214 1196 alii

100 1234 199 1318 gloria
231 1235 263 1300 11
294 1235 412 1301 uirtute
446 1236 477 1301 et
511 1236 736 1302 existimatione
767 1235 916 1317 pollentes
949 1232 1217 1307 acerbissimarum

99 1336 248 1402 mortium
270 1339 384 1420 experti
406 1341 478 1404 sunt
500 1339 624 1419 formas,
647 1342 683 1404 ut
706 1338 849 1421 Aquilius
872 1337 1038 1403 Trebonius
1060 1335 1213 1420 Regulus:
1257 1378 1260 1383 -

63 1440 250 1522 nonumquid
283 1440 395 1507 idcirco
426 1444 496 1524 post
527 1442 625 1508 uitam
654 1441 781 1507 indicati
811 1443 884 1506 sunt
905 1442 1027 1524 turpes,
1061 1439 1215 1522 quianon

98 1542 223 1626 publica
244 1543 309 1626 lege
336 1543 470 1610 fatorum
492 1545 546 1610 sed
568 1545 676 1610 mortis
699 1544 863 1626 asperrimo
884 1562 992 1628 genere
1013 1542 1140 1608 lacerati
1162 1562 1214 1607 ex·

99 1645 287 1729 cruciatique
319 1647 498 1729 perierunt?
534 1667 623 1713 nemo
659 1668 806 1730 umquam
834 1646 976 1713 innocens
1008 1647 1090 1712 male
1117 1647 1214 1711 inter-

99 1750 223 1832 emptus
255 1749 380 1815 infamis
412 1752 474 1829 est,
508 1770 563 1816 nec
593 1751 796 1834 turpitudinis
824 1750 954 1816 alicuius
986 1750 1214 1816 conmaculatur
1277 1757 1279 1764 ⁴

99 1853 185 1932 nota,
207 1852 260 1935 qui
281 1870 340 1918 non
362 1871 416 1919 suo
438 1853 548 1920 merito
569 1872 681 1938 poenas
704 1872 812 1939 graues
835 1855 887 1919 sed
910 1853 1087 1919 cruciatoris
1108 1871 1215 1937 perpe·

61 1955 180 2020 retitur
211 1957 369 2022 saeuitate.
417 1958 447 2022 et
478 1949 597 2037 tamen,
631 1957 741 2036 oisti,
776 1957 828 2038 qui
863 1956 1019 2022 hominem
1041 1975 1095 2022 111
1118 1955 1261 2022 colerell

99 2062 199 2126 morte
233 2059 373 2127 iimctum
404 2061 609 2145 ignominiosa
641 2061 764 2140 ridetis,
797 2078 895 2126 nonne
927 2060 1072 2125 Liberum
1104 2062 1134 2123 et
1160 2076 1214 2124 uos

100 2163 221 2245 patrem
235 2163 433 2229 membratim
448 2163 487 2229 ab
503 2164 623 2229 Titanis
639 2163 823 2245 dissipatum
838 2163 976 2227 fanorum
990 2162 1214 2227 consecratione
1335 2172 1337 2179 '

100 2265 267 2335 mactatis?
302 2283 399 2331 nonne
421 2266 640 2350 Aesculapium
667 2265 906 2331 medicaminum
933 2265 1117 2346 repertorem
1145 2265 1214 2345 post

100 2385 213 2451 poenas
236 2369 268 2433 et
289 2369 439 2453 supplicia
467 2369 608 2434 fulminis
637 2369 794 2435 custodem
817 2367 1051 2451 nuncupauistis
1073 2368 1104 2432 et
1125 2385 1215 2448 prae·
1334 2360 1337 2371 ⁴

65 2471 199 2539 residem
221 2471 365 2537 sanitatis
386 2472 574 2538 ualetudinis
596 2472 627 2538 et
648 2472 780 2538 salutis?
812 2489 911 2537 nonne
933 2472 1034 2554 ipsum
1049 2470 1215 2536 Herculem

101 2592 249 2659 magnum
271 2574 430 2641 sacrificiis
451 2575 561 2641 hostiis
584 2576 616 2640 et
637 2576 707 2640 ture
729 2574 870 2640 inuitatis
884 2575 1018 2655 incenso,
1041 2592 1132 2656 quem
1153 2572 1214 2655 ipsi

100 2670 155 2743 nos
177 2677 263 2742 fertis
285 2678 393 2744 uiuum
415 2679 525 2744 arsisse
540 2678 610 2762 post
624 2695 735 2760 poenas
751 2679 781 2742 et
797 2681 1022 2744 concrematum
1037 2677 1069 2741 in
1084 2674 1214 2741 funestis

102 2780 244 2846 11111111Ι
269 2784 284 2846 l
305 2798 404 2846 nonne
418 2782 509 2847 illum
525 2782 617 2847 Attin
631 2781 786 2864 Phrygem
804 2783 808 2865 l
828 2781 980 2846 abscisum
1003 2780 1033 2845 et
1048 2779 1213 2861 spoliatum
1224 2791 1241 2843 f.
1252 2793 1285 2843 ro

101 2887 167 2950 uiro
191 2903 319 2968 magnae
342 2884 450 2950 matris
472 2885 505 2949 in
520 2883 623 2968 adytis
644 2879 736 2949 deum
758 2884 936 2967 propitium,
960 2883 1052 2948 deum
1075 2884 1214 2947 sanctum

63 3011 90 3052 11
101 2987 262 3054 Gallorum
295 2988 534 3053 conclamatione
566 2987 747 3053 testamini?
783 3005 880 3051 nonne
913 2987 1015 3068 ipsum
1048 2983 1215 3051 Romulum

99 3095 220 3177 patrem
250 3092 426 3157 senatorum
455 3089 598 3156 manibus
627 3091 829 3155 dilaceratum
852 3089 974 3154 centum
997 3088 1029 3153 et
1050 3087 1215 3169 Quirinum

100 3214 166 3262 esse
188 3194 338 3260 Martium
359 3194 462 3260 dicitis
485 3197 516 3258 11
542 3193 749 3259 sacerdotibus
766 3196 797 3259 11
822 3192 1037 3274 puluinaribus
1059 3190 1215 3257 honoratis

99 3301 131 3365 et
153 3299 186 3363 in
208 3299 333 3364 aedibus
356 3289 489 3365 adoratis
511 3298 711 3381 amplissimis
733 3298 853 3380 etpost
878 3296 1076 3363 haecomnia
1098 3297 1216 3361 caelum

98 3401 271 3468 ascendisse
291 3401 425 3471 iuratis?
447 3403 501 3467 aut
522 3401 620 3485 igitur
642 3400 763 3467 ridendi
786 3404 885 3466 etuos
901 3401 984 3479 11111,
1008 3400 1061 3482 qui
1075 3399 1215 3464 homines

60 3505 292 3590 aograuissimis
315 3504 500 3571 cruciatibus
522 3504 721 3586 interemptos
743 3505 814 3569 deos
836 3489 953 3585 putatis
976 3502 1007 3567 11
1028 3502 1137 3583 colitis,
1162 3503 1216 3567 aut

135 3758 329 3826 5111111111
427 3758 548 3812 71111Ρ
649 3757 911 3813 Saceruissimorum
928 3759 954 3810 P
971 3772 1031 3812 corr
1123 3756 1155 3808 11
1173 3771 1215 3809 ex·

96 3845 259 3913 crucietiqne
275 3846 301 3897 P
412 3844 652 3913 121111111111Ρ
766 3844 953 3911 interemptus
971 3844 997 3895 P
1109 3842 1215 3895 15111-

96 3931 187 3985 nitate
216 3929 280 3985 Ure:
299 3929 456 3984 saeuitatem
475 3930 503 3982 P
609 3929 642 3983 17
666 3929 760 3984 titanis
777 3931 803 3982 P
907 3929 1094 3982 consecrationi
1117 3928 1217 3997 aptatis

98 4016 156 4072 Sao
260 4016 292 4070 18
309 4031 394 4069 nonne
407 4015 475 4070 Sed:
493 4029 547 4068 non
565 4015 592 4068 P
693 4015 726 4069 21
743 4014 874 4068 hortiis?
973 4013 1132 4068 2211111111
1148 4013 1215 4068 Ura.-
1292 4000 1298 4011 ’

96 4101 249 4156 forestibus
266 4103 292 4153 P
409 4101 443 4155 23
460 4086 532 4170 frige
545 4100 572 4151 P
689 4099 832 4154 abscissum
850 4099 904 4154 Sub
1017 4100 1052 4154 24
1069 4101 1214 4170 propitium

96 4187 176 4243 deum
200 4188 288 4243 addc
325 4249 330 4257 ¹
390 4188 670 4244 251111Ρ11111
770 4186 969 4240 2611112111
986 4188 1012 4239 P
1112 4188 1216 4244 29111-

96 4276 179 4331 minis
197 4277 223 4328 P
236 4290 333 4331 corre
438 4272 472 4328 30
489 4273 647 4342 interempto
665 4273 691 4325 P
707 4287 799 4328 corre
989 4266 991 4270 ’
