2760 4808
204 319 259 373 XII

205 493 269 557 iam
292 490 387 556 fuisse
409 490 535 573 factam,
558 511 593 557 er
616 509 650 556 eo
674 489 895 573 cognoscimus,
919 493 999 573 quod
1014 492 1097 556 iuter
1112 491 1282 574 scripturas
1307 512 1325 557 a

206 594 361 677 Scaligero
383 613 426 658 er
454 594 558 660 codice
586 596 743 675 excerptas
771 595 803 657 et
830 612 848 658 a
870 592 1008 659 Meursio
1035 594 1067 658 in
1091 595 1197 660 critico
1219 595 1324 660 Arno-

208 697 301 763 biano
324 697 422 761 editas
444 696 624 761 correctoris
639 717 657 758 r
671 697 799 760 inuenta
813 694 999 760 referuntur.
1023 714 1084 760 non
1099 697 1201 761 solum
1216 701 1325 763 autem

203 800 269 863 suis
292 802 343 864 sed
367 799 462 863 etiam
485 797 596 865 Sabaei
619 800 650 863 et
671 798 807 877 Gelenii,
830 798 961 863 fortasse
982 799 1077 867 etiam
1100 799 1226 867 (lauteri
1251 821 1326 867 oon·

206 902 333 967 iacturis
355 904 405 967 uir
425 901 479 967 ille
503 903 611 969 doctus
634 919 706 966 usus
730 919 795 965 esse
818 900 959 967 uidetur:
981 907 1107 984 praesto
1130 904 1158 968 ei
1180 924 1242 970 non
1265 906 1326 974 fuit

211 1003 316 1069 Vrsini
338 1005 443 1071 editio.

309 1108 380 1189 lpse
403 1109 521 1173 contuli
542 1127 622 1174 anno
647 1109 727 1173 1867
750 1107 877 1173 Parisiis
893 1109 1031 1174 codicem
1046 1111 1190 1176 Arnobii:
1214 1113 1324 1192 postea

209 1209 451 1306 aliquotlocis,
480 1210 534 1277 ubi
565 1211 602 1276 de
631 1212 800 1293 scripturae
827 1214 961 1277 ueritate
989 1212 1132 1278 dubitare
1155 1232 1324 1296 coeperam,

209 1313 470 1380 intercedentibus
492 1313 632 1379 Vahleno
660 1316 691 1378 et
712 1315 853 1380 Hartelio
885 1316 918 1378 in
946 1334 1050 1379 meum
1071 1334 1165 1381 usum
1186 1316 1326 1382 officiose

210 1435 281 1481 eum
302 1418 501 1498 inspexerunt
523 1417 574 1482 W.
597 1418 759 1482 Forstcrus
781 1420 812 1481 et
828 1417 863 1483 «J,
887 1417 961 1483 Vrb.
985 1417 1105 1483 Jamik.

307 1521 387 1586 Mire
399 1523 576 1602 corruptum
587 1520 743 1584 esschunc
755 1520 1056 1603 librummendisquc
1063 1523 1181 1585 scatere
1188 1521 1326 1586 cuiusuis

208 1625 330 1706 generis
342 1627 452 1688 notum
468 1626 522 1688 est.
538 1623 592 1687 sed
608 1623 681 1687 haec
696 1623 766 1703 ipsa
780 1641 877 1704 paene
892 1622 1082 1687 incredibilis
1097 1623 1279 1704 deprauatio
1296 1625 1328 1688 in

209 1746 302 1793 causa
324 1728 394 1805 fuit,
416 1730 452 1791 ut
473 1727 545 1792 inde
568 1745 587 1791 a
610 1725 720 1792 Sabaei
742 1725 934 1808 temporibus
955 1725 1016 1790 uiri
1038 1727 1121 1791 docti
1136 1728 1281 1791 certatim
1296 1726 1328 1791 in

210 1831 399 1896 emendando
414 1830 552 1895 Amphio
566 1848 599 1894 66
615 1831 833 1911 experirentur.
850 1829 966 1910 optime
983 1832 1089 1894 autem
1103 1831 1140 1893 dc
1156 1848 1328 1894 66616666-

209 1937 283 2000 runt
302 1937 426 2016 praeter
449 1937 564 2000 ceteros
577 1933 785 2016 Hieronymus
801 1932 972 2017 Ferrarius,
990 1934 1179 1999 Franciscus
1194 1933 1330 1998 Priscia-

209 2036 322 2117 nensis,
336 2036 551 2120 Sigismuudus
565 2036 722 2120 Gelenius,
734 2039 909 2103 Theodorus
923 2035 1085 2117 canterus,
1096 2036 1227 2102 Fuluius
1238 2037 1330 2102 Ursi-

210 2159 268 2207 nus
281 2142 378 2222 cique,
391 2158 522 2223 quorum
535 2142 615 2206 euris
627 2158 660 2204 se
671 2141 813 2205 adiutum
825 2158 891 2204 esse
903 2139 953 2205 hic
965 2139 1069 2216 refert,
1081 2142 1225 2205 uidelicet
1236 2140 1331 2205 loan-

211 2264 265 2311 nes
287 2245 430 2327 Baptista
451 2242 637 2327 Sighicellus
660 2246 692 2308 ct
714 2243 825 2327 Petrus
848 2241 1029 2322 Ohiaeouus,
1053 2242 1164 2308 deiude
1181 2243 1332 2324 Iosephus

212 2351 318 2414 Iustus
332 2346 478 2429 Scaliger,
491 2345 792 2424 IoannesMeursius,
803 2344 947 2411 Claudius
960 2345 1140 2423 Salmasius,
1151 2345 1331 2409 Desiderius

212 2451 379 2531 Horaldus,
403 2448 552 2515 Nicolaus
574 2450 740 2533 Rigaltius,
763 2448 877 2513 nostris
899 2449 1030 2530 deniquo
1057 2448 1247 2529 temporibus
1272 2449 1332 2512 Er-

214 2557 319 2621 nestus
342 2555 569 2621 Klussmannus
593 2557 625 2618 et
646 2552 781 2617 Michael
803 2553 940 2617 Zinlrius.
962 2551 1101 2617 consulto
1116 2551 1207 2618 omisi
1220 2551 1332 2617 Hilde-

153 2713 160 2726 .
215 2659 339 2724 brandii
361 2660 393 2722 et
415 2655 540 2722 Oehleri
555 2655 690 2734 nomina,
706 2655 766 2746 ‚qui
781 2653 919 2720 Arnobio
935 2654 1034 2739 magis
1049 2657 1220 2720 uocuemnt
1235 2673 1331 2736 quam

213 2761 406 2845 profuerunt.
431 2778 618 2843 quamquam
641 2760 724 2823 enim
746 2757 990 2823 Hildebrandius
1011 2776 1092 2824 noua
1113 2759 1226 2823 codicis
1241 2759 1334 2823 Pari·

213 2865 275 2930 sini
297 2863 470 2930 conlatione
500 2881 518 2928 a
539 2881 572 2927 66
595 2863 761 2946 diligenter
784 2862 908 2943 quidem
929 2861 983 2926 sed
997 2880 1108 2944 pamm
1122 2863 1219 2944 perite
1235 2861 1332 2939 sacta,

213 2967 364 3034 Oehlerus
384 2966 428 3032 M.
444 2965 546 3032 (166611
566 2969 727 3048 apparatu,
750 2968 788 3030 de
810 2981 869 3046 quo
886 2963 968 3028 infra
982 2964 1148 3029 dicendum
1162 2966 1231 3040 erit,
1255 2982 1331 3029 6666

214 3073 271 3148 cst,
300 3073 428 3153 uterque
456 3088 530 3136 uero
564 3069 713 3133 nonnulla
740 3069 931 3150 emendarit,
954 3070 1061 3132 tamen
1086 3068 1202 3149 insigni
1224 3086 1333 3132 eorum

214 3174 409 3258 neglegentia
436 3171 591 3238 Arnobius
619 3175 693 3238 adeo
721 3173 860 3238 sordibus
890 3174 936 3235 est
958 3171 1147 3252 inquinatus,
1170 3170 1261 3234 utin
1283 3169 1332 3234 his
1367 3223 1369 3228 .

215 3277 374 3343 abluendis
397 3275 532 3341 multum
560 3275 708 3357 temporis
736 3280 768 3340 et
790 3291 901 3356 operae
923 3272 1175 3354 consumpserim.
1198 3273 1334 3356 ineptias

214 3377 434 3446 Hildebrandii
457 3376 615 3458 Oehlerus,
643 3377 703 3442 atsi
723 3380 907 3461 perpetuum
929 3377 994 3441 6166
1018 3377 1231 3441 aduersarium
1255 3377 1333 3461 agit,

213 3483 278 3548 fere
305 3482 446 3564 sequitur
475 3481 624 3562 nouisque
652 3484 754 3564 auget.
784 3480 902 3563 aliquot
923 3479 1063 3544 incuriae
1084 3481 1267 3545 documenta
1295 3485 1332 3546 ut

217 3585 346 3652 afferam
370 3623 406 3634 -
431 3583 537 3650 taedet
565 3586 649 3650 enim
670 3584 774 3651 omnia
795 3582 935 3666 persequi
960 3621 1000 3634 —
1023 3582 1269 3648 uerbarlrnobii
1293 3584 1331 3648 ab

215 3685 440 3754 Hildebrandio
462 3687 632 3754 oscitanter
653 3685 766 3753 omissa
789 3685 938 3752 Oehlerus
961 3705 1023 3751 non
1044 3685 1131 3751 adlit
1152 3704 1179 3749 6.
1195 3703 1221 3749 6.
1238 3704 1336 3766 aequa

214 3790 428 3873 todtpacatcr
457 3787 574 3868 15,19,
602 3793 631 3853 er
658 3793 770 3869 meno
796 3789 869 3870 223,
881 3789 938 3868 21,
965 3788 1090 3854 61666666
1112 3786 1248 3866 235,14,
1280 3807 1337 3854 bec

116 3925 119 3930 ·
214 3893 350 3958 rationis
378 3891 640 3976 materiatae
667 3891 740 3973 247,
753 3893 794 3959 10
824 3911 886 3958 csse
914 3891 1105 3974 owrtifcrac,
1127 3891 1223 3955 simol
1245 3891 1336 3955 solo·

76 4416 139 4520 ἱ

213 4000 306 4075 iares,
328 3994 423 4059 simol
444 3993 517 4072 262,
531 3994 581 4060 12.

317 4096 450 4182 Egregie
488 4114 539 4161 me
572 4095 723 4165 beneficio
750 4098 889 4164 deuinrit
921 4100 1052 4166 Ioannes
1080 4095 1252 4168 Vahlenus‚
1283 4098 1339 4178 qui

216 4202 389 4270 Arnobium
416 4219 523 4267 meum
557 4217 586 4265 a.
618 4202 701 4269 1873
727 4205 853 4269 ineunte
881 4200 1098 4268 vindobonam
1124 4197 1254 4264 missum
1281 4218 1340 4281 per

217 4322 319 4370 moras
348 4321 424 4386 quas
453 4303 640 4385 typographi
659 4307 870 4404 ,interponunt
896 4308 1069 4371 retractans
1099 4319 1177 4385 quae
1199 4304 1247 4367 est
1269 4301 1339 4368 eius
