2760 4808
162 333 202 398 38
462 329 605 385 Aruobii
626 329 785 384 aduersus
806 329 965 384 nationes

161 503 233 568 sunt
259 501 310 566 uel
340 518 416 582 qnae
437 499 475 564 ab
499 499 563 565 eius
591 499 788 583 praeconibus
815 498 884 582 pari
910 499 976 562 iure
998 501 1029 564 61
1050 498 1187 581 potentia
1209 498 1272 561 ter-

160 605 293 688 minata,
326 603 426 687 magis
449 620 503 666 uos
523 603 694 667 incredulos
722 601 834 667 faceret
862 602 911 666 616
938 603 1026 666 tanta
1046 602 1217 678 uirtutum,
1241 603 1271 666 61

161 707 382 790 adprehendere
396 706 497 770 locum
512 704 642 770 fortasse
656 705 794 787 possetis,
817 723 876 787 quo
890 705 1048 770 uideretur
1062 723 1125 769 osse
1141 705 1270 769 similli-

160 830 247 876 mum
268 810 343 891 ueri,
368 809 399 873 et
419 808 605 872 incrementa
627 809 716 873 robus
744 796 883 888 adposite
905 808 935 872 et
957 808 1071 874 inditas
1094 808 1218 893 scriptis
1240 810 1270 873 ot

91 929 110 981 r.
120 931 152 980 aa
162 913 388 978 commentariis
420 911 581 977 falsitates.
608 909 612 997 Ι
637 912 690 976 661
721 930 818 993 neque
851 912 953 975 omnia
982 911 1130 977 conscribi
1159 914 1216 976 aut
1237 912 1305 978 ins

95 1006 97 1013 ⁴
160 1035 246 1083 aures
269 1017 406 1082 omnium
427 1016 584 1099 peruenire
611 1018 774 1098 potuerunt
803 1018 890 1099 gesta
920 1016 1063 1100 gentibus
1092 1016 1124 1079 in
1152 1015 1271 1099 ignotis

160 1120 191 1184 61
212 1138 303 1184 nsum
329 1117 532 1184 nescientibus
559 1118 749 1197 litterarum,
780 1120 834 1182 aut
856 1119 944 1200 siqua
965 1119 1037 1182 sunt
1058 1117 1173 1182 litteris
1197 1136 1269 1182 con·

159 1223 435 1305 scriptionibusque
467 1221 626 1301 mandata‚‘
661 1221 876 1286 malouolentia
908 1220 1104 1299 daemonum,
1138 1237 1271 1302 quorum

159 1344 231 1390 cura
253 1325 283 1389 ot
304 1326 442 1389 studium
464 1324 610 1389 osthane
631 1324 772 1406 intercipi
795 1325 973 1407 ueritatem,
1004 1326 1036 1389 61
1061 1324 1272 1391 consimilium

157 1428 206 1493 his
228 1427 388 1492 hominum
420 1427 601 1510 interpolata
627 1428 829 1509 quaedamst
857 1427 979 1506 addita,
1012 1429 1125 1512 partim
1148 1428 1272 1492 mutata
1283 1450 1309 1488 ro

133 1535 250 1613 'atque
290 1530 428 1596 detracta
464 1531 566 1595 uerbis
602 1531 728 1614 syllabis
763 1532 899 1615 litteris,
935 1536 971 1596 ut
1006 1532 1037 1597 61
1071 1531 1272 1616 prudentium

157 1635 315 1699 tardarent
342 1634 433 1698 fidem
462 1635 493 1697 et
520 1635 675 1717 gestorum
706 1636 932 1716 corrumperent
954 1635 1179 1700 auctoritatem.
1217 1637 1272 1698 661

158 1756 325 1819 numquam
352 1736 458 1815 fuerit,
491 1736 539 1800 his
567 1737 642 1801 bene
664 1738 700 1801 ut
722 1735 862 1802 Christus
891 1737 944 1819 qui
971 1737 1064 1801 suerit
1092 1738 1273 1802 litterarum

158 1839 344 1905 testimoniis
367 1840 538 1923 colligatur,
561 1839 648 1904 cuius
670 1839 703 1904 in
723 1840 757 1904 id
780 1841 880 1906 solum
902 1841 1029 1905 dimissa
1045 1842 1090 1904 661
1110 1860 1211 1919 cansa,
1236 1843 1272 1905 ut

159 1945 186 2016 si
209 1961 274 2008 esse
296 1944 469 2009 constiterit
491 1963 525 2008 66
547 1962 619 2008 uera
642 1962 718 2025 qnae
741 1944 885 2023 dicimus,
917 1944 1102 2010 confessione
1131 1945 1303 2010 6111616166

39 2080 46 2093 ·
109 2052 147 2116 57
159 2048 232 2112 1666
258 2046 353 2111 fuisse
379 2049 575 2111 monstretur.
611 2065 671 2110 non
701 2046 823 2112 creditis
854 2047 978 2129 scriptis
1000 2048 1129 2112 nostris:
1164 2048 1195 2111 et
1217 2065 1271 2111 nos

157 2150 268 2215 uostris
290 2169 349 2215 non
378 2151 529 2214 credimus
557 2151 688 2232 scriptis.
729 2149 808 2214 falsa
836 2151 872 2214 16
895 2149 1017 2215 Christo
1040 2135 1270 2234 conpingimus:

158 2253 325 2317 6166616
354 2252 414 2317 diis
447 2252 558 2318 uestris
591 2253 694 2318 inania
721 2253 851 2318 6116166
885 2253 1024 2330 iactatis3
1058 2271 1155 2335 neque
1187 2253 1271 2317 enirn

158 2356 239 2420 caelo
268 2355 340 2419 deus
369 2355 481 2436 aliquis
509 2357 613 2438 lapsus
644 2356 690 2421 est
722 2358 775 2420 aut
802 2358 865 2421 suis
893 2375 939 2421 res
973 2358 1093 2420 uestras
1115 2373 1270 2420 commen-

157 2457 241 2521 tatus
264 2457 311 2521 est
337 2457 478 2525 manibus
505 2460 559 2522 661
580 2459 697 2523 rationo
720 2459 871 2524 consimili
894 2459 1005 2524 nostris
1028 2459 1119 2524 rebus
1142 2461 1173 2524 61
1196 2459 1304 2524 reli-20

158 2559 299 2643 gionibus
327 2560 495 2643 derogauit.
534 2561 571 2624 ab
599 2562 775 2626 hominibus
797 2563 872 2626 haec
899 2564 1030 2644 scripta:
1063 2564 1094 2626 61
1115 2562 1173 2626 illa
1197 2563 1271 2627 6661

157 2663 194 2726 ab
217 2662 392 2727 hominibus
421 2663 548 2744 scripta,
578 2665 760 2729 mortalibus
788 2666 969 2730 edissertata
998 2664 1205 2744 sermonibus3
1240 2667 1272 2730 et

157 2765 305 2848 quidquid
338 2767 438 2832 dicere
460 2768 497 2832 de
518 2767 632 2832 nostris
655 2769 909 2850 conscriptoribus
936 2768 1149 2847 intenderitis,
1179 2770 1212 2834 61
1234 2769 1272 2833 16

55 2930 57 2935 ,
157 2869 268 2933 uostris
301 2869 374 2934 haec
402 2869 485 2934 diota
517 2870 642 2952 paribus
671 2871 785 2936 sumite
812 2872 901 2953 atque
927 2871 1072 2937 habetote
1092 2871 1270 2936 momentis.

156 2972 253 3037 ultis
286 2991 358 3037 uera
390 2991 455 3037 osse
489 2992 566 3055 quae
597 2975 629 3037 in
657 2975 768 3039 uestris
801 2975 1002 3056 conprehensa
1029 2975 1102 3038 sunt
1130 2974 1312 3056 scriptisra

156 3062 191 3138 61
209 3094 285 3156 quae
306 3076 339 3140 in
361 3076 475 3142 nostris
498 3077 677 3160 consignata
699 3080 771 3143 sunt
791 3075 907 3143 litteiis
927 3076 1133 3142 confiteamini
1147 3095 1272 3143 necesse

125 3261 128 3270 Ι
157 3178 288 3243 estesse
317 3198 396 3244 uera.
434 3180 581 3245 falsitatis
611 3181 742 3264 arguitis
769 3200 817 3245 res
839 3182 974 3245 nostras:
1010 3182 1040 3245 61
1067 3198 1121 3246 nos
1149 3182 1273 3246 uestras

74 3294 93 3348 r.
102 3293 149 3346 aab
161 3281 318 3366 arguimus
349 3282 505 3348 falsitatis.
531 3282 535 3368 1
562 3283 615 3348 661
636 3285 822 3368 antiquiora,
845 3284 990 3367 inquitis,
1014 3284 1117 3349 nostra
1139 3285 1213 3350 sunt
1236 3305 1274 3351 66

158 3403 212 3467 per
234 3385 290 3448 hoc
310 3384 381 3449 fidei
404 3386 435 3449 61
456 3387 598 3452 ueritatis
621 3388 815 3471 plenissima:
845 3387 933 3471 quasi
955 3406 1027 3453 uero
1050 3406 1187 3455 errorum
1209 3407 1273 3454 non

191 3654 374 3711 lterminata.
398 3657 484 3724 magis
501 3659 585 3728 culpo
721 3659 850 3714 2faoeret
867 3661 893 3712 P
1021 3662 1059 3732 et]
1080 3665 1128 3717 661
1147 3665 1202 3718 dub

156 3741 242 3810 3quo
265 3741 332 3794 Ure.-
355 3743 424 3810 quod
443 3744 469 3794 P
579 3736 768 3814 9intercipcre
786 3747 840 3800 aab
953 3748 986 3801 11
1003 3747 1087 3818 adque
1104 3751 1130 3801 P
1245 3759 1272 3808 et

156 3825 335 3895 prudentium]
359 3826 388 3880 id
405 3828 566 3885 credentium
589 3830 639 3885 Urs
748 3832 780 3885 12
796 3818 933 3886 tardarent
955 3833 1018 3888 aeu
1040 3835 1160 3891 tardaret
1177 3839 1205 3889 P

158 3915 353 3980 corrumperent
375 3914 438 3968 uu.-
459 3919 632 3984 corrumperet
648 3918 675 3969 P
774 3917 807 3972 13
824 3934 967 3988 numquam
984 3922 1078 3987 166611,
1095 3921 1138 3976 his
1156 3927 1224 3978 bone
1241 3929 1271 3979 nt

157 4012 218 4050 cum
236 4000 289 4052 Sub
311 3999 360 4052 Get
382 4001 433 4054 Ure
445 4007 485 4056 etc
502 4002 624 4072 Ziubius,
642 4004 699 4057 6161
715 4005 786 4072 quod
802 4005 854 4058 crit
863 4007 1007 4074 proponit:
1024 4023 1171 4076 numquam
1188 4009 1271 4064 fuerit

155 4081 200 4135 his
216 4081 288 4148 bene,
306 4089 338 4137 nt
354 4085 470 4141 Oretlius
571 4089 604 4143 14
621 4089 731 4144 dimissa
748 4093 877 4146 suntSub
979 4094 1012 4148 16
1029 4096 1124 4148 mosP
1140 4111 1205 4150 corr

157 4168 190 4221 17
208 4171 384 4238 conpi¹¹gimus
402 4174 428 4223 P
540 4175 574 4228 20
590 4192 624 4228 66
642 4178 668 4228 P
683 4192 776 4232 curro
888 4177 922 4231 22
940 4178 1083 4234 ediscrtata
1098 4181 1126 4234 P
1143 4182 1271 4237 edisserta

156 4253 212 4308 Sub
313 4256 347 4310 23
364 4257 487 4327 quicquid
506 4261 531 4326 (c
549 4278 583 4315 66
601 4262 628 4331 1)
646 4263 672 4313 P
771 4262 806 4318 24
822 4264 891 4318 diros
909 4266 936 4318 Ρ
