2760 4808
413 1234 635 1344 LIBER
671 1234 943 1346 PRIMVS

167 1488 324 1588 Quoniam
347 1523 478 1604 compari
507 1524 686 1601 nonnullos,
716 1525 768 1606 qui
791 1543 824 1589 sc
845 1524 1016 1607 plurimum
1046 1543 1151 1608 sapere
1173 1526 1264 1592 suisl

77 1617 367 1691 persuasionibus
396 1625 533 1703 credunt,
562 1627 707 1704 insanire,
739 1627 881 1692 bacchari
911 1630 942 1691 et
971 1628 1059 1693 uelut
1089 1627 1237 1710 quiddam

80 1719 356 1811 prompsimus
379 1728 500 1793 oraculo
530 1729 646 1794 dicere:
675 1730 836 1812 postquam
852 1748 915 1795 osse
939 1729 1107 1795 inmundo
1131 1728 1237 1795 Chris-

65 1806 206 1897 bt’iana
225 1850 300 1916 gens
321 1831 428 1912 coepit,
450 1832 600 1897 terrarum
613 1833 721 1897 orbem
735 1833 860 1913 perisse,
885 1832 1130 1897 multiformibus
1146 1833 1237 1898 malis

85 1932 265 1999 a-flcctum
288 1952 351 1999 esse
375 1952 468 2017 genus
492 1935 677 2013 humanum,
708 1935 790 2016 ipsos
818 1936 911 1999 etiam
934 1935 1057 2000 caelites
1080 1935 1236 2002 derelictis

84 2039 202 2102 Qui-is
225 2037 441 2114 sollemnibus,
470 2037 580 2120 quibus
603 2039 757 2119 quondam
780 2039 920 2103 solebant
942 2039 1074 2104 inuisere
1096 2059 1142 2104 res
1166 2059 1235 2104 uos·

99 2128 196 2220 has
220 2142 373 2205 terrarum
389 2140 426 2205 ab
442 2140 618 2224 regionibus
640 2142 871 2206 exterminatos:
895 2142 988 2205 statui
1011 2159 1065 2224 pro
1088 2145 1180 2224 captu
1202 2161 1237 2207 ac

101 2232 335 2309 mediocritate
359 2243 505 2307 sermonis
528 2244 680 2308 contraire
701 2243 838 2308 inuidiae
860 2247 891 2308 et
908 2244 1110 2309 calumniosas
1126 2244 1237 2309 dissol-

59 2349 88 2388 10
106 2358 193 2412 uere
215 2345 459 2423 criminationes,
484 2366 522 2410 111
545 2348 600 2410 aut
622 2346 672 2410 illi
694 2346 755 2410 sibi
778 2346 957 2430 uideantur,
980 2348 1141 2430 popularia
1157 2340 1237 2412 'dum

109 2441 215 2514 uerba
245 2450 439 2531 depromunt,
471 2467 616 2533 maguum
647 2449 768 2531 aliquid
797 2450 896 2514 dicere
919 2451 973 2515 aut
995 2451 1022 2514 si
1044 2469 1098 2514 nos
1121 2452 1237 2517 talibus

114 2552 364 2617 continuerimus
387 2552 424 2615 ab
447 2552 570 2631 litibus,
594 2553 764 2617 obtinuisse
787 2572 820 2618 11
842 2572 965 2618 oausam
988 2554 1099 2636 putent
1121 2554 1238 2619 uictam

119 2656 172 2719 sui
194 2655 270 2718 uitio
285 2671 344 2718 non
360 2654 549 2719 adsertorum
565 2655 687 2720 silentio
703 2656 897 2720 destitutam.
933 2675 1031 2738 neque
1047 2656 1130 2721 enim
1145 2676 1237 2741 nega·

121 2759 223 2823 uerim
244 2757 470 2823 ualidissimum
494 2777 558 2823 esse
581 2759 805 2823 accusationem
820 2758 912 2848 istam
928 2759 1153 2840 hostilibusque
1168 2778 1238 2824 oon-

62 2867 108 2911 15
128 2861 233 2945 dignos
257 2863 335 2927 odiis
358 2880 411 2926 nos
436 2881 514 2940 esse,
539 2862 565 2926 si
587 2863 666 2944 apud
690 2882 745 2928 nos
769 2881 832 2927 1111
848 2862 1024 2929 constiterit
1046 2880 1162 2939 causas,
1186 2881 1239 2945 por

129 2983 198 3046 quas
227 2967 289 3030 suis
320 2965 451 3030 mundus
474 2966 628 3036 aberrauit
651 2966 688 3030 ab
711 2966 849 3050 legibus,
880 2964 1074 3029 exterminati
1100 2966 1174 3029 sunt
1195 2965 1239 3029 dii

129 3067 227 3152 longe,
263 3068 400 3133 examina
432 3069 520 3133 tanta
555 3087 727 3133 maerorum
764 3067 943 3132 mortalium
976 3067 1131 3148 inportata
1164 3068 1238 3131 suut

131 3172 262 3245 saeculis.
297 3170 496 3254 inspiciamus
525 3171 623 3254 igitur
652 3171 803 3253 opinionis
829 3171 919 3235 istius
951 3172 1087 3235 mentem
1122 3172 1153 3233 et
1182 3169 1270 3238 hoca
1336 3183 1337 3186 ’

131 3277 204 3353 quod
238 3267 352 3339 dicitur
383 3274 473 3357 quala
506 3274 560 3339 111
581 3277 803 3356 summotisque
837 3274 977 3339 omuibus
1011 3266 1240 3338 contentionum

88 3377 251 3456 1111111111,
278 3377 387 3460 quibus
410 3378 564 3442 obscurari
587 3379 618 3442 11
639 3378 761 3463 contegi
790 3376 1005 3459 contemplatio
1028 3395 1131 3441 rerum
1153 3376 1239 3458 solet,

130 3497 162 3544 an
184 3480 226 3545 sit
248 3480 332 3544 istud
353 3481 433 3563 quod
455 3481 569 3546 dicitur
591 3500 712 3564 uerum,
737 3480 960 3545 momentorum
982 3478 1103 3561 parium
1126 3479 1239 3542 exami-

130 3585 246 3649 natione
278 3583 456 3666 pendamus.
502 3583 650 3649 efficietur
679 3585 761 3649 euim
789 3584 923 3666 profecto
952 3583 1108 3647 rationum
1137 3599 1240 3647 conse-

129 3687 285 3767 quentium
301 3685 453 3769 copulatu,
477 3688 512 3751 ut
533 3705 593 3751 non
614 3686 703 3768 impii
725 3705 780 3750 nos
803 3687 904 3771 magis
920 3686 973 3750 sed
987 3684 1036 3750 illi
1052 3682 1112 3768 ipsi
1126 3687 1240 3766 reperi·

158 3975 223 4029 111
242 3975 297 4030 Sub
400 3977 433 4030 14
449 3975 549 4030 histum
564 3977 663 4031 Pcorr
766 3975 798 4029 15
815 3975 879 4030 odii·
896 3976 923 4030 P
1025 3974 1058 4027 16
1075 3975 1241 4030 exterminati

125 4077 223 4126 sumus,
247 4061 309 4115 dum
329 4063 408 4130 longe
426 4062 480 4117 Sub
503 4061 697 4116 exterminandi
715 4077 813 4127 sumus,
833 4063 919 4129 siper
937 4077 984 4115 uos
1007 4059 1056 4113 ea
1073 4061 1242 4115 exterminati

125 4147 206 4200 simus
224 4148 311 4216 longe,
329 4147 392 4202 dum
409 4149 548 4203 1111111111
651 4149 683 4202 17
701 4148 848 4203 moralium
863 4149 891 4202 P
993 4148 1025 4200 19
1043 4148 1242 4217 summotisque]

121 4248 226 4287 summo
243 4248 326 4300 usquo
344 4233 397 4288 Sub
500 4234 533 4287 23
546 4235 733 4303 ‚repperiantur
750 4233 777 4286 P

1098 4335 1138 4388 1*
