2760 4808
539 358 637 413 aroer
659 357 695 414 11.
859 358 863 375 ⁵
1133 360 1174 426 aa

10 524 13 565 ³
79 529 202 608 pdninus
232 530 424 594 mucinnium
456 531 544 596 laena
576 531 726 596 calantica
756 531 891 596 mantele
922 529 1077 596 mastruca
1109 548 1174 597 soo-

75 648 114 696 cns
149 632 233 698 solea
267 633 408 697 calceus?
445 634 519 716 quid
552 635 579 698 si
611 635 726 699 adicias
758 653 901 717 quaerere
933 637 1001 700 rota
1033 634 1106 716 quid
1134 634 1176 699 sit
1283 657 1285 661 ·

69 736 113 799 aut
141 734 269 814 tribula,
303 755 422 802 uannus
443 736 561 802 dolium
587 756 674 820 cupa,
709 739 866 819 trapetum
899 738 998 802 uomis
1030 738 1084 802 aut
1116 738 1184 802 cri-¹

67 839 155 918 bruun,
179 839 267 904 mola
285 838 370 903 buris
391 841 446 904 ant
468 840 643 905 sarculum?
666 841 739 923 qnid
761 841 887 924 arquata
909 840 936 905 si
958 841 1079 920 sellula,
1103 860 1175 906 aeus

10 944 190 1045 pertigilis
220 943 384 1028 polubrum
413 943 625 1026 siliquastrum
654 944 750 1009 trulla
778 944 930 1009 lancicula
959 944 1176 1011 candelabrum

10 1066 13 1133 ξ
61 1050 193 1134 pattioca
223 1063 333 1128 ‚scopae
365 1046 497 1130 scyphus
530 1050 657 1112 saccus?
693 1047 766 1130 qnid
804 1049 832 1112 si
864 1047 983 1112 cithara
1015 1048 1095 1112 tibia
1129 1067 1175 1113 ar-

10 1140 15 1205 1
62 1152 184 1237 gentum
211 1169 263 1216 aes
290 1171 398 1217 aurum
425 1153 518 1217 codex
544 1150 650 1217 radius
677 1152 778 1216 liber?
811 1151 886 1233 quid
912 1151 1119 1218 instrumenta
1147 1152 1175 1218 ai

62 1258 156 1321 catera
185 1253 297 1337 quibus
325 1255 393 1319 nita
420 1254 611 1338 succingitur
632 1255 664 1334 et
685 1254 859 1320 continetur
879 1255 1034 1319 humana?
1066 1256 1113 1320 ita
1137 1256 1175 1321 ut

62 1359 191 1424 diximus
210 1360 269 1429 ‚ille
289 1378 350 1424 non
371 1358 459 1424 bouis
481 1359 545 1424 ritu
567 1361 621 1423 aut
643 1358 739 1439 asini,
771 1359 856 1442 porci
878 1359 932 1424 aut
954 1358 982 1423 si
1005 1358 1106 1423 ullum
1128 1361 1174 1424 est

38 1463 175 1528 semmel
196 1462 331 1541 tardius,
361 1462 527 1544 conspiciet
549 1462 623 1526 baec
650 1461 774 1544 quidem
797 1463 981 1526 formaturas
1002 1462 1104 1527 uarias
1125 1481 1173 1527 re-

63 1568 200 1650 spectans
228 1565 282 1630 sed
311 1584 388 1647 quae
416 1564 478 1629 sint
508 1564 632 1649 singula
661 1565 802 1631 nesciens
824 1564 855 1628 et
877 1584 969 1646 qnam
996 1563 1030 1628 in
1052 1583 1174 1629 cansam

63 1669 269 1751 possideantur
297 1668 464 1753 ignorans?
495 1685 596 1732 nonne
617 1685 723 1732 uocem
745 1667 772 1731 si
794 1667 899 1732 luerit‘
911 1669 1092 1734 necessitate
1114 1668 1172 1733 ali-

64 1791 115 1855 qua
148 1774 273 1838 coactus
306 1772 462 1851 emittere,
497 1773 533 1836 ut
561 1772 695 1836 solemne
725 1772 772 1835 est
793 1771 906 1850 matie,
936 1771 1171 1837 inarticulatum
1218 1786 1223 1796 “

63 1877 155 1943 rucio
185 1874 261 1959 qnid
290 1893 341 1940 ore
369 1876 474 1940 hiante
503 1875 672 1940 clamabit?
705 1875 778 1958 quid
801 1874 834 1939 in
857 1875 1001 1954 Menona,
1032 1894 1048 1940 o
1071 1875 1170 1954 Plato,
1183 1877 1222 1939 21

40 1981 205 2062 squaedam
233 1978 402 2043 rationibus
432 1978 552 2042 numeri
581 1978 762 2065 admotacx
783 1978 928 2062 puerculo
950 1979 1117 2044 sciscitaris
1139 1980 1172 2044 et

62 2102 91 2149 ox
110 2085 178 2148 eins
200 2082 310 2149 niteris
331 2081 580 2166 responsionibus
606 2083 811 2164 comprobare,
834 2100 912 2164 quae
934 2081 1087 2146 discamus
1109 2100 1169 2147 non

10 2194 12 2203 '
61 2186 170 2252 discere
201 2187 254 2252 sod
280 2185 313 2250 in
341 2204 445 2251 eorum
475 2184 655 2249 memoriam
684 2203 762 2266 quae
791 2184 962 2266 antiquitus
987 2202 1171 2251 noueramus

58 2289 177 2356 redire?
210 2289 264 2372 qui
294 2288 322 2353 si
350 2288 411 2353 tibi
439 2307 510 2367 uere
532 2288 693 2371 respondet
708 2304 824 2352 —uon
846 2287 928 2352 enim
949 2307 1002 2353 nos
1029 2289 1171 2354 conuenit

58 2393 147 2459 tidem
161 2393 254 2458 rebus
269 2392 444 2458 abiudicare
459 2410 533 2474 quas
549 2391 626 2456 dicis
640 2427 682 2438 —
697 2408 758 2455 non
773 2409 875 2454 rerum
896 2390 1025 2456 scientia
1046 2393 1099 2457 sed
1120 2393 1171 2456 in·
1237 2398 1243 2407 '

29 2496 240 2582 atellegentla
261 2496 391 2573 duntur,
415 2497 446 2560 et
468 2514 505 2558 ex
528 2514 562 2560 eo
584 2497 665 2577 qnod
687 2495 805 2576 aliquos
826 2513 968 2559 numeros
995 2495 1171 2560 cottidianis

56 2601 148 2667 babet
173 2621 210 2666 ex
239 2601 345 2665 usibus
373 2600 461 2664 notos
490 2599 527 2663 lit
554 2601 589 2664 ut
616 2603 761 2680 sequatur
788 2599 914 2682 rogatus
936 2599 1058 2681 etipsa
1080 2598 1171 2663 illum

56 2723 173 2788 semper
198 2701 203 2789 Ι
229 2702 498 2785 multiplicationis
519 2702 650 2767 adducat
665 2701 804 2767 accessio.
836 2701 944 2783 quodsi
960 2722 1030 2767 uere
1045 2703 1197 2767 confidisf.
1210 2707 1257 2762 aab

56 2807 247 2872 immortales
269 2808 329 2871 hnc
354 2807 472 2871 animas
495 2806 527 2870 et
547 2807 653 2888 plenas
679 2805 826 2870 scientiae
847 2805 1020 2886 peruolare,
1051 2805 1172 2870 adules-

57 2911 212 2975 centulum
235 2911 330 2974 istum
352 2928 460 2994 rogare
482 2909 630 2987 desinite,
664 2927 755 2990 quem
782 2926 848 2972 esse
870 2909 1019 2991 conspicis
1041 2927 1171 2991 gnarum

25 3032 157 3079 rarorum
187 3013 220 3081 et
247 3013 450 3078 humanitatis
485 3030 549 3077 esse
578 3012 608 3076 in
643 3011 756 3077 finibus
790 3011 1008 3076 constitutum:
1043 3012 1170 3092 quadra·

57 3116 215 3201 gomrinm
236 3116 332 3181 istum
355 3117 393 3181 ad
414 3116 446 3181 te
468 3133 543 3180 noca
558 3117 590 3179 et
606 3134 641 3179 ex
663 3131 697 3178 eo
711 3115 887 3196 percontare
908 3130 969 3178 non
994 3113 1170 3180 abstrusum
1255 3194 1258 3201 Ι

159 3270 192 3324 14
209 3284 234 3338 p.
252 3269 286 3322 82
304 3284 359 3337 sqq.

88 3408 184 3462 llena
198 3407 226 3460 P
249 3440 253 3463 .·
326 3405 469 3460 calaentica
485 3407 513 3460 P
529 3405 602 3459 utica
621 3404 676 3459 Sub
693 3404 786 3458 tunica
808 3404 857 3458 uer
874 3404 1004 3459 calantica
1028 3405 1103 3460 Salm

58 3512 143 3551 soccus
161 3493 235 3548 solea
252 3491 354 3547 calceus
373 3491 443 3546 aaa:
466 3508 551 3546 soccos
569 3491 640 3545 soler
658 3491 757 3544 calceos
774 3491 802 3544 P
926 3491 942 3544 2
960 3488 1112 3560 querere'P
1129 3506 1171 3545 om

57 3583 107 3639 Sub
209 3579 291 3649 mota]
310 3579 389 3633 traha
410 3578 463 3632 Ura
582 3575 819 3630 acrioremque:
838 3576 941 3630 cibrum
959 3579 987 3632 P
1097 3576 1170 3630 4sit

57 3660 274 3728 meac
376 3664 501 3732 5strigil
519 3663 573 3717 Sub
675 3662 815 3732 polubrum
838 3663 902 3717 ceu·
921 3662 1057 3716 colubrum
1075 3663 1103 3716 P

57 3753 183 3809 lenticula
210 3752 263 3807 Ure
380 3752 397 3805 6
418 3749 548 3819 pattiocas
568 3748 596 3802 P
615 3764 657 3802 om
679 3747 734 3802 Sub
760 3748 877 3802 batiolae
894 3749 1037 3802 Meursias
1063 3747 1169 3802 batiaca

58 3839 129 3895 Solea
231 3854 324 3908 scopae
340 3837 403 3892 Gal:
421 3837 530 3906 scophae
546 3836 574 3889 P
675 3850 750 3888 eacus
763 3836 791 3889 P
892 3834 915 3887 si
934 3833 1004 3888 Sub:
1022 3832 1059 3885 sit
1075 3834 1103 3887 P

58 3925 154 3981 cithera
171 3926 199 3980 P
216 3940 276 3978 corr
395 3924 523 3978 laurum
540 3939 582 3976 om
600 3920 654 3977 sao
767 3921 783 3974 9
801 3920 877 3974 bouis
899 3920 966 3974 Urs.-
984 3919 1060 3973 uobis
1077 3920 1105 3973 P

58 4011 86 4064 11
103 4011 150 4067 sed
171 4011 241 4066 Ura:
264 4012 292 4064 st
309 4012 334 4062 P
451 4009 484 4062 13
501 4008 584 4062 mutis
606 4007 671 4062 Get:
694 4007 788 4060 multis
806 4007 833 4060 P
946 4006 979 4059 14
997 4005 1124 4059 clamauit
1142 4006 1170 4059 P

58 4113 145 4153 oorrc
248 4097 281 4152 15
297 4094 400 4149 numeri
412 4093 482 4148 Sub.-
499 4094 601 4147 muneri
617 4094 644 4147 P
746 4091 891 4145 sciscitaris
909 4091 935 4143 et
953 4089 1022 4144 Sub.-
1040 4091 1169 4145 sciscitari

59 4183 97 4238 sd
114 4185 142 4239 P
244 4183 278 4237 16
294 4198 360 4252 qnae
378 4181 445 4236 Sub:
463 4197 527 4250 quas
545 4181 572 4234 P
673 4180 706 4233 19
724 4177 874 4232 adiudicare
893 4177 947 4232 Sub
1049 4178 1082 4232 23
1100 4177 1169 4230 hunc

58 4268 158 4324 Pcurr
282 4268 317 4323 24
339 4284 450 4336 gnarum
473 4266 539 4322 Ure.-
565 4267 687 4334 ignarum
705 4265 732 4319 P
850 4263 884 4318 25
907 4279 962 4318 esse
982 4263 1027 4318 del
1048 4262 1102 4318 Ure

58 4353 88 4409 26
103 4356 273 4425 pmcontrare
290 4355 317 4406 P
327 4369 388 4413 corr
1023 4401 1065 4454 5*
1250 4330 1300 4524 Α
