2760 4808
133 327 152 392 8
432 323 576 379 hrnobii
602 325 760 380 aduersus
781 326 936 380 nationes
1022 308 1047 369 ἦ

132 497 257 581 poribus
285 497 453 580 imputare,
486 497 742 580 quemadmodum
775 498 928 579 possimus
956 497 1150 563 miseriarum
1179 516 1245 565 esse

71 606 74 613 “
131 601 338 685 praesentium
360 619 476 681 causae,
499 619 569 665 cum
590 601 662 665 noui
683 599 739 666 fiat
759 600 848 680 nihil,
872 602 925 666 sed
946 601 1009 666 sint
1022 601 1125 667 omnia
1138 603 1245 669 uetera

103 708 163 771 det
183 704 278 770 nullis
300 703 537 787 antiquitatibus
561 704 719 769 inaudita?
751 723 936 788 quamquam
958 705 1020 771 ista
1042 724 1117 788 quae
1139 706 1246 771 dicitis

131 809 214 875 bella
241 807 398 894 religionis
425 809 545 873 nostrae
566 807 605 871 ob
632 805 783 872 inuidiam
809 808 995 886 commoneri
1016 828 1077 875 non
1099 809 1142 874 sit
1164 809 1246 874 diffi-

131 913 189 978 cile
211 910 405 994 comprobare
426 911 494 993 post
517 909 658 975 auditum
677 907 833 974 Christum
855 910 889 974 in
909 910 1024 977 mundo
1046 930 1108 977 non
1122 913 1247 978 tautum
1268 937 1278 974 s

131 1032 192 1080 non
206 1015 297 1081 aneta
311 1034 418 1079 uerum
435 1013 529 1078 etiam
543 1012 659 1078 maiore
680 1012 718 1078 de
738 1013 824 1095 parto
846 1012 997 1078 furiarum
1012 1016 1245 1099 compressioni-

132 1119 189 1185 bus
211 1118 387 1184 imminuta.
423 1137 495 1182 nam
517 1135 587 1181 cum
608 1117 768 1182 hominum
789 1117 838 1182 uis
859 1117 948 1182 tanta
970 1117 1158 1203 magisteriis
1181 1119 1248 1184 eius
1280 1132 1282 1135 ·

132 1222 335 1305 acceperimus
354 1241 390 1287 ac
404 1220 534 1304 legibus,
556 1219 675 1284 malum
696 1220 778 1285 malo
800 1220 924 1302 rependi
945 1238 1004 1285 non
1027 1223 1174 1306 oportere,
1197 1222 1247 1285 in-

132 1324 245 1390 iuriam
272 1324 390 1408 perpeti
417 1343 508 1407 quam
530 1321 666 1405 inrogare
694 1341 759 1388 esse
780 1324 1000 1407 praestantius,
1032 1342 1122 1388 suum
1144 1324 1246 1406 potius

132 1427 258 1493 fundere
290 1446 382 1509 quem
414 1428 513 1494 alieno
540 1426 676 1510 polluere
698 1446 808 1492 manus
831 1428 862 1491 et
885 1427 1101 1492 conscientiam
1127 1445 1283 1496 emorque

132 1530 225 1596 hahet
240 1549 258 1594 a
272 1528 392 1596 Christo
407 1529 587 1595 beneficium
601 1528 782 1594 iamdudum
801 1529 884 1594 orbis
903 1529 1055 1614 ingratus,
1080 1550 1134 1614 per
1156 1550 1247 1613 quem

84 1634 264 1700 autoritatis
291 1633 413 1699 molhta
441 1634 487 1699 est
516 1632 615 1698 rabies
637 1633 727 1713 atque
753 1633 881 1698 hostiles
903 1651 1011 1698 manus
1034 1634 1173 1699 cohibere
1193 1634 1205 1719 =l
1231 1654 1250 1699 a

134 1738 280 1820 sanguine
306 1737 427 1822 cognati
449 1737 615 1802 animantis
637 1737 759 1819 occepit.
794 1735 901 1818 quodsi
922 1755 1028 1802 omnes
1050 1737 1171 1803 omnino
1195 1739 1249 1820 qui

133 1840 271 1905 homines
286 1859 318 1904 se
333 1858 399 1905 esse
420 1857 480 1904 non
495 1839 594 1922 specie
610 1856 768 1922 corporum
784 1839 838 1905 sed
853 1840 979 1905 rationis
994 1840 1180 1925 intellegrmt
1193 1859 1250 1922 po-

133 1943 260 2025 testate,
298 1943 483 2008 salutaribus
516 1941 581 2006 eius
614 1940 806 2025 pacificisque
838 1942 966 2008 decretis
999 1962 1103 2008 aurem
1131 1943 1290 2012 uellentrs

134 2045 324 2110 commodare
356 2044 509 2127 paulisper
537 2045 568 2108 et
601 2061 660 2108 non
688 2044 772 2108 fastu
800 2046 831 2110 et
859 2045 1020 2127 supercilio
1042 2045 1155 2112 tumidi
1183 2047 1251 2113 suis

135 2148 236 2230 potius
264 2146 402 2213 sensibus
430 2167 523 2229 quam
551 2147 637 2212 illius
659 2148 947 2214 commonitionibus
976 2148 1144 2229 crederent,
1179 2151 1252 2214 uni-

135 2267 241 2314 uersus
262 2249 442 2316 iamdudum
464 2250 547 2316 orbis
569 2251 694 2315 mitiora
714 2251 851 2334 inopere
873 2252 1025 2316 conuersis
1047 2252 1153 2318 usibus
1176 2253 1252 2318 ferri

135 2354 363 2437 tranquillitate
378 2353 410 2418 iu
424 2353 606 2419 mollissima
620 2354 743 2439 degeret
764 2356 796 2419 et
817 2354 850 2419 in
872 2355 1060 2420 concordiam
1083 2356 1251 2421 salutarem

105 2454 319 2540 tineorruptis
344 2457 500 2521 foederum
528 2455 736 2522 sanctionibus
768 2457 949 2523 conueniret.
987 2459 1039 2523 sed
1066 2463 1093 2523 si
1114 2477 1288 2540 pernosse

100 2578 104 2585 ·
136 2559 294 2641 inquiunt,
324 2559 403 2623 nihil
433 2558 523 2623 rebus
544 2560 785 2624 incommodatur
805 2560 956 2639 humanis,
980 2563 1058 2626 unde
1080 2564 1153 2627 sunt
1174 2563 1253 2628 haec

136 2664 228 2740 mala,
250 2663 360 2745 quibus
382 2664 508 2746 urgetur
529 2663 561 2726 et
581 2663 731 2746 premitur
751 2663 932 2728 iamdudum
947 2664 1119 2729 miseranda
1134 2666 1252 2730 morta-

136 2765 231 2830 litas?
245 2765 428 2830 senteutiam
443 2783 492 2830 me
508 2765 607 2849 poscis
621 2766 693 2831 huic
707 2767 910 2833 neeessariam
925 2766 1003 2832 nihil
1020 2786 1135 2832 causae.
1150 2787 1251 2849 neque

137 2867 219 2932 enim
240 2886 383 2949 praesens
405 2869 496 2949 atque
517 2868 551 2931 in
572 2867 715 2933 manibus
747 2869 847 2952 posite
873 2870 1053 2954 disceptatio
1086 2889 1141 2935 nec
1162 2870 1196 2934 in
1217 2871 1252 2936 id

137 2971 260 3053 sumpta
288 2971 375 3035 esta
401 2989 451 3035 me
483 2970 518 3034 ut
540 2970 728 3036 ostenderem
750 2972 800 3036 uel
829 2973 1004 3053 probarem,
1039 2974 1148 3054 quibus
1172 2992 1287 3038 una-es

135 3091 271 3156 quaeque
283 3091 331 3138 res
345 3074 444 3140 causis
459 3075 490 3138 et
511 3074 681 3140 rationibus
696 3075 793 3158 fieret,
816 3077 868 3141 sed
883 3078 918 3141 ut
932 3077 1098 3143 maledicta
1112 3077 1252 3142 criminis

136 3178 217 3242 tanti
238 3177 342 3260 procul
364 3195 429 3242 esse
443 3176 482 3241 ab
496 3177 584 3242 nobis
599 3178 797 3243 ostenderem.
831 3179 911 3260 quod
931 3180 957 3243 si
971 3182 1101 3261 praesto,
1123 3180 1149 3244 si
1172 3180 1252 3246 facio

133 3282 168 3346 et
189 3280 378 3366 argumentis
400 3279 572 3364 insignibus
594 3281 640 3344 rei
661 3281 775 3346 ueritas
797 3281 973 3364 explicatur,
997 3282 1076 3349 unde
1092 3283 1156 3348 sint
1175 3283 1252 3349 haee

137 3385 219 3450 mala
240 3384 291 3449 uel
313 3404 348 3450 ex
370 3383 480 3466 quibus
508 3384 660 3465 profluant
686 3385 822 3450 fontibus
843 3383 1062 3468 principiisque
1084 3406 1144 3453 non
1166 3406 1250 3454 curo.

240 3535 306 3590 ser.
325 3535 421 3591 Matth.
439 3537 464 3600 5,
481 3535 515 3590 49
549 3535 624 3591 Rom.
644 3536 735 3601 1217
770 3536 987 3602 IThess.5,15
1021 3539 1121 3592 IPe'tr.
1141 3539 1201 3605 3‚9

62 3724 71 3743 ,
174 3675 345 3743 lpossumus
358 3670 413 3726 sao
514 3673 613 3727 2sunt
626 3673 681 3728 Sob
783 3674 947 3729 tituriarum
963 3675 1034 3730 Sob:
1052 3676 1255 3731 futuriarumP

140 3760 181 3813 sui
198 3759 326 3814 furiarum
344 3757 549 3814 Koosmcooue
649 3758 795 3828 8opcrte‘0
812 3760 838 3813 P
949 3762 990 3825 ,13
1007 3761 1072 3830 quid
1089 3761 1112 3815 si
1130 3761 1184 3816 Sob

140 3846 174 3899 14
191 3861 218 3898 se
243 3860 299 3898 esse
318 3843 409 3899 Solm:
437 3859 493 3898 esse
510 3843 537 3898 P
554 3860 609 3908 esso
635 3860 662 3898 se
685 3844 736 3899 Urs
873 3846 906 3901 16
929 3847 1029 3900 tumidi
1050 3847 1114 3902 ceo.-
1143 3847 1254 3901 luminis

141 3932 247 3997 (seros)
259 3931 287 4000 P
388 3930 421 3984 17
433 3931 680 3985 commonitionibus
692 3931 748 3986 Sob
759 3932 791 3986 a'a
804 3933 1136 3988 errzcommotionibusP
1222 3936 1255 3989 19

138 4015 405 4083 'tranquillitatemP
458 4020 464 4056 ἵ
498 4003 683 4071 moluisimar
774 4019 946 4088 depromitur
959 4019 1020 4086 Sub,
1038 4035 1067 4072 r.-
1084 4011 1257 4089 promiturP

151 4103 153 4106 '
236 4101 423 4170 reposcitis?
524 4103 559 4157 24
575 4103 785 4173 possitaPeorr
887 4103 1035 4174 disputatio
1053 4106 1105 4160 Uro
1206 4122 1256 4161 nee

139 4199 218 4239 eane
232 4185 503 4256 PomSobnequeo
570 4189 606 4243 25
619 4191 754 4261 resumpta
767 4190 916 4259 (aarum
983 4179 1258 4247 concionante?

225 4271 260 4325 28
276 4272 335 4324 utr
436 4271 612 4342 expliceturr
