2760 4808
156 315 197 382 58
455 311 600 367 Arnobii
628 288 785 368 aduersus
807 311 962 366 nationes

156 485 316 554 Platonem
336 484 604 568 Pythagoramque
629 484 805 563 sectamini,
828 502 942 566 uosque
965 485 1094 560 eetems,
1117 483 1172 566 qni
1194 483 1272 548 estis

156 590 246 655 unius
268 587 381 654 mentis
404 588 435 652 et
455 606 510 670 per
531 588 654 653 easdam
681 589 748 653 uias
769 588 953 672 placitorum
973 588 1116 654 inceditis
1138 587 1270 652 unitate.

157 692 276 758 audetis
297 691 396 756 ridere
412 708 476 768 nos,
499 690 580 772 quod
601 691 719 772 patrem
741 710 843 757 rerum
865 708 901 756 ac
914 691 1072 756 dominum
1086 709 1272 756 ueneremur

157 797 188 863 et
209 795 337 861 colimus
359 796 497 876 quodque
519 793 568 858 illi
594 794 739 859 dedamus
762 796 793 859 et
812 794 1031 876 permittamus
1045 812 1113 876 spes
1127 795 1271 859 nostras?

157 896 231 981 quid
252 897 341 962 Plato
363 898 464 963 uester
485 897 519 963 in
535 897 712 977 Theaeteto,
734 899 770 965 ut
792 918 863 963 eum
884 897 1081 980 potissimum
1100 896 1270 975 nominem,
1293 919 1305 957 s

156 1020 253 1067 nonne
275 1001 377 1067 animo
399 1001 504 1086 fugere
526 1001 634 1068 suadet
656 1002 778 1068 eternis
794 1002 825 1067 61
839 1001 919 1067 circa
933 1000 1024 1067 illum
1040 1019 1160 1082 semper
1174 1019 1271 1082 quan·

156 1107 225 1175 tum
246 1104 312 1170 lieri
333 1104 416 1188 potis
437 1105 692 1189 estcogitatione
709 1124 745 1171 ac
760 1105 864 1171 mente
878 1104 1014 1170 uersari?
1035 1103 1155 1169 audetis
1170 1102 1271 1168 ridere

155 1226 227 1287 nos,
249 1209 329 1290 quod
351 1209 541 1274 mortuorum
563 1208 701 1275 dieamus
724 1207 978 1275 retunderem-
998 1206 1149 1285 luturam,
1174 1225 1272 1288 quam

155 1311 279 1394 quidem
300 1328 354 1378 nos
377 1311 477 1378 dicere
498 1311 677 1379 confitmur
699 1311 752 1376 sed
772 1330 791 1377 a
811 1310 899 1377 uobis
921 1310 1013 1377 aliter
1035 1329 1129 1392 qnam
1151 1309 1268 1379 sennar

156 1434 224 1483 mua
252 1413 374 1480 audiri?
400 1415 474 1496 quid
495 1415 529 1479 in
543 1414 673 1480 Politice
695 1413 778 1479 idem
792 1415 906 1480 Plato?
928 1431 1028 1479 nonne
1050 1432 1121 1479 eum
1135 1411 1272 1479 mundus
1282 1437 1309 1477 ιο

156 1519 306 1602 occeperit
328 1518 367 1584 ab
394 1517 527 1615 occiduis
554 1510 693 1601 partibus
721 1518 830 1583 exoriri
858 1519 889 1583 et
910 1517 944 1582 in
966 1516 1122 1582 cardinem
1145 1534 1273 1600 uergere

156 1623 209 1704 qui
231 1622 357 1693 orientis
379 1623 426 1688 est
448 1621 530 1700 solis,
552 1639 658 1687 rursus
680 1622 843 1703 erupturos
865 1621 1004 1692 homines
1025 1620 1149 1687 telluris
1171 1639 1273 1704 egre-

156 1723 218 1798 mio
240 1724 348 1789 scribit
370 1742 455 1790 senes
477 1741 566 1789 canos
593 1724 762 1806 decrepitos
777 1725 809 1789 et
831 1743 902 1789 cum
927 1724 998 1791 anni
1013 1722 1170 1806 coeperint
1184 1741 1273 1789 acce·

156 1827 226 1894 dere
247 1829 398 1911 longiores
425 1848 479 1910 per
511 1827 645 1917 eosdem
665 1828 778 1911 gradus
805 1827 917 1910 quibus
949 1826 1040 1894 hodie
1063 1827 1211 1893 crescitur
1232 1825 1275 1890 ad

155 1929 341 1997 incunabula
367 1931 515 1997 infantiae
544 1930 717 1996 desituros?
745 1930 864 1997 audetis
886 1931 986 1996 ridere
1007 1947 1077 2008 nos,
1100 1930 1181 2012 quod
1204 1929 1308 1996 ani-ne

155 2050 276 2102 marum
299 2036 472 2100 nostrerum
494 2033 710 2117 prouideemus
733 2034 828 2100 saluti
850 2033 883 2100 id
906 2036 954 2100 est
974 2034 1035 2115 ipsi
1057 2033 1167 2103 nobis?
1198 2032 1274 2115 quid

155 2137 237 2202 enim
253 2156 358 2203 sumus
380 2138 519 2203 homines
539 2138 599 2203 nisi
620 2138 743 2204 animae
763 2139 938 2220 corporibus
955 2138 1097 2205 clausae?
1118 2155 1173 2203 uos
1190 2138 1274 2203 enim

156 2260 216 2308 non
239 2259 344 2306 omnes
366 2260 421 2324 pro
435 2240 560 2306 illarum
575 2241 683 2325 geritis
698 2241 968 2307 incolumitatibus
984 2244 1093 2306 ouras?
1116 2258 1177 2307 non
1193 2240 1276 2322 quod

159 2344 247 2411 uitiis
269 2343 411 2409 omnibns
433 2345 465 2409 et
486 2343 707 2425 cupiditatibus
722 2345 892 2425 abstinetis,
916 2344 1017 2409 metus
1032 2344 1087 2411 ille
1101 2361 1156 2410 nos
1170 2344 1276 2424 babet,

160 2467 197 2512 ne
225 2446 314 2511 uelut
345 2446 516 2511 trabalibus
550 2445 646 2510 clauis
674 2446 767 2512 adfixi
789 2447 964 2529 corporibus
986 2447 1163 2513 haereatis?
1201 2448 1310 2529 quiden

86 2554 148 2606 134
161 2549 210 2614 illi
225 2548 284 2616 sibi
299 2548 409 2613 uolunt
424 2549 607 2614 secretarum
625 2546 629 2634 Ι
648 2549 762 2615 artium
777 2550 864 2634 ritus,
883 2551 993 2631 quibus
1008 2549 1157 2616 adfamini
1173 2551 1277 2639 nescio

160 2671 235 2737 quas
262 2652 445 2735 potestates,
473 2653 510 2717 ut
530 2652 593 2717 sint
614 2652 702 2717 uobis
728 2653 865 2734 placidae
886 2672 984 2735 neque
1007 2653 1045 2718 ad
1067 2653 1153 2719 sedes
1175 2673 1276 2719 reme·

114 2752 283 2821 llantibus
305 2755 422 2838 patrias
436 2754 594 2821 obstacula
608 2754 819 2838 impeditionis
834 2758 1009 2840 opponant?
1038 2755 1159 2823 audetis
1175 2757 1277 2823 ridere

159 2876 222 2942 nos,
246 2878 317 2927 cum
338 2860 492 2942 gehennas
520 2859 650 2927 dicimus
673 2861 704 2924 et
726 2859 978 2942 inextinguibiles
1005 2859 1154 2942 quosdam
1176 2860 1275 2944 ignes,

160 2963 192 3028 in
215 2981 288 3044 quos
312 2961 430 3028 animas
457 2962 534 3028 deici
556 2962 594 3028 ab
617 2981 721 3028 earum
748 2962 887 3029 hostibus
909 2963 1104 3045 inimicisque
1126 2965 1317 3048 cognoui-ee

161 3066 251 3128 mus?
273 3061 346 3144 quid
368 3062 459 3128 Plato
482 3063 564 3129 idem
586 3065 688 3129 uester
702 3064 734 3128 in
750 3082 784 3129 eo
807 3063 973 3144 uolumine,
997 3066 1079 3147 quod
1100 3065 1138 3130 de
1153 3065 1277 3132 animae

159 3165 382 3231 inmortalitate
409 3167 585 3249 conposuit,
618 3184 679 3231 non
700 3167 919 3246 Acherontem,
953 3185 1013 3233 non
1042 3166 1185 3251 Stygem,
1213 3188 1275 3235 non

159 3267 306 3351 Cocytum
327 3268 438 3334 fluuios
460 3270 492 3334 61
512 3269 818 3357 Pyriphlegetontem
841 3271 993 3351 nominat,
1016 3270 1183 3353 inquibus
1206 3273 1277 3337 ani·

159 3389 225 3436 mas
253 3371 411 3436 adseuerat
437 3372 522 3437 uolui
556 3372 655 3457 mergi
692 3372 798 3437 exuri?
831 3373 863 3439 61
889 3373 979 3439 homo
1007 3374 1188 3457 prudentiae
1215 3393 1275 3441 non

124 2112 137 2164 1

259 3594 275 3647 5
292 3608 317 3660 p.
336 3592 385 3646 ue
487 3592 520 3646 10
537 3608 562 3660 p.
581 3591 634 3648 aro
734 3591 881 3646 6616666.
900 3609 925 3661 p.
945 3592 994 3647 113

192 3819 209 3872 3
226 3817 272 3886 qui
294 3815 349 3870 Sco
483 3815 561 3869 deum
581 3814 635 3869 Sub
770 3815 788 3868 b
805 3813 946 3869 Theaeteto
971 3815 1042 3870 Solo:
1068 3817 1162 3871 theate
1181 3819 1209 3872 P

159 3902 175 3954 6
193 3901 259 3956 adde
276 3903 358 3970 (erae)
368 3901 470 3955 suadet
487 3902 515 3956 P
684 3900 698 3954 7
716 3900 789 3969 potis
813 3900 903 3955 Saloe:
930 3903 1005 3970 potes
1024 3903 1053 3956 P
1071 3905 1132 3971 pote
1153 3903 1208 3958 Sub

161 3987 193 4042 10
210 3989 248 4041 im
266 3988 293 4041 P
411 3987 443 4040 11
462 3985 590 4055 occeperit
610 3986 681 4040 Sab:
706 3987 835 4054 acceperit
853 3988 881 4040 P
997 4004 1105 4058 uergere
1124 3988 1194 4044 Sub:
1218 4008 1275 4046 uer-

159 4090 215 4129 cere
226 4074 254 4127 P
355 4074 388 4128 15
405 4073 533 4127 redituros
550 4072 602 4128 Urs
618 4073 735 4126 exituros
749 4072 825 4126 Salon
928 4074 961 4128 lo
978 4075 1137 4128 abstineatis
1150 4077 1207 4131 Sub

159 4160 194 4212 20
210 4159 360 4214 tranalibus
372 4159 399 4213 P
489 4159 523 4212 24
540 4159 665 4227 quosdam
678 4157 747 4212 Sub:
764 4158 890 4226 quasdam
904 4161 931 4214 P
1014 4161 1048 4214 18
1065 4160 1191 4230 Cocytum
1209 4165 1275 4223 cet.-

160 4248 276 4314 cocytem
295 4245 323 4299 P
431 4244 658 4314 pyriflegetontem
676 4245 704 4297 P
809 4245 937 4312 nominat,
954 4246 983 4300 iu
1002 4246 1070 4301 Sub.-
1099 4249 1232 4305 nominati
1251 4253 1278 4308 P
