<?xml version="1.0" encoding="UTF-8"?>
<!DOCTYPE html PUBLIC "-//W3C//DTD XHTML 1.0 Transitional//EN"
    "http://www.w3.org/TR/xhtml1/DTD/xhtml1-transitional.dtd">
<html xmlns="http://www.w3.org/1999/xhtml" xml:lang="en" lang="en">
 <head>
  <title>
</title>
<meta http-equiv="Content-Type" content="text/html;charset=utf-8" />
  <meta name='ocr-system' content='tesseract 3.04.00' />
  <meta name='ocr-capabilities' content='ocr_page ocr_carea ocr_par ocr_line ocrx_word'/>
</head>
<body>
  <div class='ocr_page' id='page_1' title='image "arnobiiadversvs00reifgoog_0071.png"; bbox 0 0 2760 4808; ppageno 0'>
   <div class='ocr_carea' id='block_1_1' title="bbox 196 354 1011 424">
    <p class='ocr_par' dir='ltr' id='par_1_1' title="bbox 196 354 1011 424">
     <span class='ocr_line' id='line_1_1' title="bbox 196 354 1011 424; baseline -0.001 -13"><span class='ocrx_word' id='word_1_1' title='bbox 196 359 244 424; x_wconf 83' lang='lat'>46</span> <span class='ocrx_word' id='word_1_2' title='bbox 503 354 650 411; x_wconf 78' lang='lat' dir='ltr'>hruobii</span> <span class='ocrx_word' id='word_1_3' title='bbox 672 357 834 412; x_wconf 79' lang='lat' dir='ltr'>aduersus</span> <span class='ocrx_word' id='word_1_4' title='bbox 853 357 1011 410; x_wconf 82' lang='lat' dir='ltr'>nationes</span> 
     </span>
    </p>
   </div>
   <div class='ocr_carea' id='block_1_2' title="bbox 131 527 1360 2367">
    <p class='ocr_par' dir='ltr' id='par_1_2' title="bbox 131 527 1360 2367">
     <span class='ocr_line' id='line_1_2' title="bbox 203 527 1319 614; baseline -0.001 -21"><span class='ocrx_word' id='word_1_5' title='bbox 203 528 311 594; x_wconf 89' lang='lat' dir='ltr'>teretis</span> <span class='ocrx_word' id='word_1_6' title='bbox 333 547 387 594; x_wconf 92' lang='lat' dir='ltr'>uos</span> <span class='ocrx_word' id='word_1_7' title='bbox 402 529 507 593; x_wconf 91' lang='lat' dir='ltr'>tamen</span> <span class='ocrx_word' id='word_1_8' title='bbox 530 548 584 595; x_wconf 93' lang='lat' dir='ltr'>nec</span> <span class='ocrx_word' id='word_1_9' title='bbox 598 531 753 612; x_wconf 91' lang='lat' dir='ltr'>potionem</span> <span class='ocrx_word' id='word_1_10' title='bbox 777 530 965 614; x_wconf 77' lang='lat' dir='ltr'>incognitam</span> <span class='ocrx_word' id='word_1_11' title='bbox 986 527 1169 593; x_wconf 73' lang='lat' dir='ltr'>dubitaretis</span> <span class='ocrx_word' id='word_1_12' title='bbox 1194 528 1319 593; x_wconf 88' lang='lat' dir='ltr'>haurire</span> 
     </span>
     <span class='ocr_line' id='line_1_3' title="bbox 204 609 1320 715; baseline 0 -18"><span class='ocrx_word' id='word_1_13' title='bbox 204 651 257 714; x_wconf 90' lang='lat' dir='ltr'>spe</span> <span class='ocrx_word' id='word_1_14' title='bbox 278 633 387 697; x_wconf 89' lang='lat' dir='ltr'>salutis</span> <span class='ocrx_word' id='word_1_15' title='bbox 408 632 564 715; x_wconf 87' lang='lat' dir='ltr'>proposita</span> <span class='ocrx_word' id='word_1_16' title='bbox 584 635 675 715; x_wconf 89' lang='lat' dir='ltr'>atque</span> <span class='ocrx_word' id='word_1_17' title='bbox 698 650 800 698; x_wconf 90' lang='lat' dir='ltr'>amore</span> <span class='ocrx_word' id='word_1_18' title='bbox 818 633 1041 698; x_wconf 77' lang='lat' dir='ltr'>incolumitatis</span> <span class='ocrx_word' id='word_1_19' title='bbox 1056 632 1181 697; x_wconf 77' lang='lat' dir='ltr'>incensi.</span> <span class='ocrx_word' id='word_1_20' title='bbox 1197 649 1201 657; x_wconf 91' lang='lat'>·</span> <span class='ocrx_word' id='word_1_21' title='bbox 1220 609 1320 697; x_wconf 67' lang='lat' dir='ltr'>e&#39;luxit</span> 
     </span>
     <span class='ocr_line' id='line_1_4' title="bbox 205 735 1320 819; baseline 0 -19"><span class='ocrx_word' id='word_1_22' title='bbox 205 736 297 818; x_wconf 90' lang='lat' dir='ltr'>atque</span> <span class='ocrx_word' id='word_1_23' title='bbox 337 736 479 819; x_wconf 87' lang='lat' dir='ltr'>apparuit</span> <span class='ocrx_word' id='word_1_24' title='bbox 512 735 653 802; x_wconf 86' lang='lat' dir='ltr'>Christus</span> <span class='ocrx_word' id='word_1_25' title='bbox 686 737 731 801; x_wconf 89' lang='lat' dir='ltr'>rei</span> <span class='ocrx_word' id='word_1_26' title='bbox 766 736 916 801; x_wconf 91' lang='lat' dir='ltr'>maximae</span> <span class='ocrx_word' id='word_1_27' title='bbox 952 735 1110 801; x_wconf 89' lang='lat' dir='ltr'>nuntiator</span> <span class='ocrx_word' id='word_1_28' title='bbox 1146 737 1320 818; x_wconf 84' lang='lat' dir='ltr'>auspicium</span> 
     </span>
     <span class='ocr_line' id='line_1_5' title="bbox 205 839 1320 923; baseline 0 -19"><span class='ocrx_word' id='word_1_29' title='bbox 205 840 342 904; x_wconf 86' lang='lat' dir='ltr'>faustum</span> <span class='ocrx_word' id='word_1_30' title='bbox 363 842 487 922; x_wconf 90' lang='lat' dir='ltr'>portans</span> <span class='ocrx_word' id='word_1_31' title='bbox 510 840 541 904; x_wconf 90' lang='lat' dir='ltr'>et</span> <span class='ocrx_word' id='word_1_32' title='bbox 562 839 757 923; x_wconf 90' lang='lat' dir='ltr'>praeconium</span> <span class='ocrx_word' id='word_1_33' title='bbox 779 839 913 904; x_wconf 87' lang='lat' dir='ltr'>salutare</span> <span class='ocrx_word' id='word_1_34' title='bbox 935 839 1137 904; x_wconf 83' lang='lat' dir='ltr'>credentibus.</span> <span class='ocrx_word' id='word_1_35' title='bbox 1167 857 1320 920; x_wconf 86' lang='lat' dir='ltr'>quaenam</span> 
     </span>
     <span class='ocr_line' id='line_1_6' title="bbox 206 943 1353 1032; baseline -0.003 -24"><span class='ocrx_word' id='word_1_36' title='bbox 206 944 253 1008; x_wconf 90' lang='lat' dir='ltr'>est</span> <span class='ocrx_word' id='word_1_37' title='bbox 279 943 339 1007; x_wconf 85' lang='lat' dir='ltr'>ista</span> <span class='ocrx_word' id='word_1_38' title='bbox 372 943 552 1032; x_wconf 75' lang='lat' dir='ltr'>crudelitas,</span> <span class='ocrx_word' id='word_1_39' title='bbox 584 943 796 1008; x_wconf 90' lang='lat' dir='ltr'>inhumanitas</span> <span class='ocrx_word' id='word_1_40' title='bbox 824 961 901 1025; x_wconf 89' lang='lat' dir='ltr'>quae</span> <span class='ocrx_word' id='word_1_41' title='bbox 922 944 1027 1022; x_wconf 89' lang='lat' dir='ltr'>tanta,</span> <span class='ocrx_word' id='word_1_42' title='bbox 1062 943 1249 1024; x_wconf 87' lang='lat' dir='ltr'>quinimmo,</span> <span class='ocrx_word' id='word_1_43' title='bbox 1283 946 1353 1008; x_wconf 68' lang='lat' dir='ltr'>uto</span> 
     </span>
     <span class='ocr_line' id='line_1_7' title="bbox 205 1045 1320 1130; baseline 0.001 -21"><span class='ocrx_word' id='word_1_44' title='bbox 205 1046 306 1111; x_wconf 85' lang='lat' dir='ltr'>uerius</span> <span class='ocrx_word' id='word_1_45' title='bbox 336 1046 469 1128; x_wconf 90' lang='lat' dir='ltr'>eloquar,</span> <span class='ocrx_word' id='word_1_46' title='bbox 503 1047 672 1130; x_wconf 83' lang='lat' dir='ltr'>fastidium,</span> <span class='ocrx_word' id='word_1_47' title='bbox 707 1045 914 1128; x_wconf 86' lang='lat' dir='ltr'>supercilium,</span> <span class='ocrx_word' id='word_1_48' title='bbox 948 1045 1155 1110; x_wconf 85' lang='lat' dir='ltr'>nuntiatorem</span> <span class='ocrx_word' id='word_1_49' title='bbox 1182 1047 1320 1110; x_wconf 91' lang='lat' dir='ltr'>muneris</span> 
     </span>
     <span class='ocr_line' id='line_1_8' title="bbox 207 1148 1320 1232; baseline 0.001 -19"><span class='ocrx_word' id='word_1_50' title='bbox 207 1151 237 1213; x_wconf 88' lang='lat' dir='ltr'>ct</span> <span class='ocrx_word' id='word_1_51' title='bbox 269 1149 449 1232; x_wconf 88' lang='lat' dir='ltr'>portitorem</span> <span class='ocrx_word' id='word_1_52' title='bbox 483 1149 565 1214; x_wconf 85' lang='lat' dir='ltr'>tanti</span> <span class='ocrx_word' id='word_1_53' title='bbox 598 1167 659 1214; x_wconf 94' lang='lat' dir='ltr'>non</span> <span class='ocrx_word' id='word_1_54' title='bbox 691 1149 814 1214; x_wconf 89' lang='lat' dir='ltr'>tantum</span> <span class='ocrx_word' id='word_1_55' title='bbox 849 1148 1014 1214; x_wconf 87' lang='lat' dir='ltr'>uerborum</span> <span class='ocrx_word' id='word_1_56' title='bbox 1049 1148 1320 1214; x_wconf 89' lang='lat' dir='ltr'>maledictionibus</span> 
     </span>
     <span class='ocr_line' id='line_1_9' title="bbox 208 1251 1321 1335; baseline 0.001 -20"><span class='ocrx_word' id='word_1_57' title='bbox 208 1252 341 1317; x_wconf 89' lang='lat' dir='ltr'>scindere</span> <span class='ocrx_word' id='word_1_58' title='bbox 373 1272 482 1319; x_wconf 88' lang='lat' dir='ltr'>uerum</span> <span class='ocrx_word' id='word_1_59' title='bbox 518 1253 613 1317; x_wconf 90' lang='lat' dir='ltr'>etiam</span> <span class='ocrx_word' id='word_1_60' title='bbox 646 1252 725 1317; x_wconf 91' lang='lat' dir='ltr'>bello</span> <span class='ocrx_word' id='word_1_61' title='bbox 763 1252 853 1335; x_wconf 84' lang='lat' dir='ltr'>graui</span> <span class='ocrx_word' id='word_1_62' title='bbox 886 1252 976 1334; x_wconf 90' lang='lat' dir='ltr'>atque</span> <span class='ocrx_word' id='word_1_63' title='bbox 1004 1251 1145 1315; x_wconf 89' lang='lat' dir='ltr'>omnihus</span> <span class='ocrx_word' id='word_1_64' title='bbox 1178 1252 1321 1334; x_wconf 89' lang='lat' dir='ltr'>persequi</span> 
     </span>
     <span class='ocr_line' id='line_1_10' title="bbox 206 1355 1322 1439; baseline 0 -19"><span class='ocrx_word' id='word_1_65' title='bbox 206 1357 339 1421; x_wconf 93' lang='lat' dir='ltr'>telorum</span> <span class='ocrx_word' id='word_1_66' title='bbox 361 1356 559 1422; x_wconf 86' lang='lat' dir='ltr'>effusionibus</span> <span class='ocrx_word' id='word_1_67' title='bbox 581 1359 612 1422; x_wconf 90' lang='lat' dir='ltr'>et</span> <span class='ocrx_word' id='word_1_68' title='bbox 634 1356 754 1423; x_wconf 73' lang='lat' dir='ltr'>ruinis?</span> <span class='ocrx_word' id='word_1_69' title='bbox 788 1374 848 1421; x_wconf 91' lang='lat' dir='ltr'>non</span> <span class='ocrx_word' id='word_1_70' title='bbox 862 1357 999 1439; x_wconf 76' lang='lat' dir='ltr'>:placent</span> <span class='ocrx_word' id='word_1_71' title='bbox 1020 1375 1057 1420; x_wconf 88' lang='lat' dir='ltr'>ce</span> <span class='ocrx_word' id='word_1_72' title='bbox 1082 1373 1159 1437; x_wconf 90' lang='lat' dir='ltr'>quae</span> <span class='ocrx_word' id='word_1_73' title='bbox 1187 1355 1263 1420; x_wconf 86' lang='lat' dir='ltr'>dicit</span> <span class='ocrx_word' id='word_1_74' title='bbox 1291 1357 1322 1420; x_wconf 92' lang='lat' dir='ltr'>et</span> 
     </span>
     <span class='ocr_line' id='line_1_11' title="bbox 131 1458 1358 1547; baseline -0.005 -24"><span class='ocrx_word' id='word_1_75' title='bbox 131 1473 278 1525; x_wconf 71' lang='lat' dir='ltr'>arreum</span> <span class='ocrx_word' id='word_1_76' title='bbox 304 1459 309 1547; x_wconf 71' lang='grc'>1</span> <span class='ocrx_word' id='word_1_77' title='bbox 334 1459 550 1525; x_wconf 87' lang='lat' dir='ltr'>offensionibus</span> <span class='ocrx_word' id='word_1_78' title='bbox 572 1461 737 1525; x_wconf 88' lang='lat' dir='ltr'>audiuntur</span> <span class='ocrx_word' id='word_1_79' title='bbox 758 1479 776 1524; x_wconf 93' lang='lat' dir='ltr'>a</span> <span class='ocrx_word' id='word_1_80' title='bbox 798 1459 898 1524; x_wconf 89' lang='lat' dir='ltr'>uobis:</span> <span class='ocrx_word' id='word_1_81' title='bbox 927 1477 981 1541; x_wconf 90' lang='lat' dir='ltr'>pro</span> <span class='ocrx_word' id='word_1_82' title='bbox 1004 1458 1130 1523; x_wconf 89' lang='lat' dir='ltr'>ludicris</span> <span class='ocrx_word' id='word_1_83' title='bbox 1153 1478 1189 1524; x_wconf 91' lang='lat' dir='ltr'>ea</span> <span class='ocrx_word' id='word_1_84' title='bbox 1209 1459 1358 1525; x_wconf 79' lang='lat' dir='ltr'>nahai-ro</span> 
     </span>
     <span class='ocr_line' id='line_1_12' title="bbox 207 1561 1323 1645; baseline 0 -18"><span class='ocrx_word' id='word_1_85' title='bbox 207 1563 380 1629; x_wconf 84' lang='lat' dir='ltr'>nationibus</span> <span class='ocrx_word' id='word_1_86' title='bbox 403 1564 586 1644; x_wconf 87' lang='lat' dir='ltr'>computate.</span> <span class='ocrx_word' id='word_1_87' title='bbox 625 1562 842 1628; x_wconf 87' lang='lat' dir='ltr'>stolidissimas</span> <span class='ocrx_word' id='word_1_88' title='bbox 863 1581 911 1627; x_wconf 90' lang='lat' dir='ltr'>res</span> <span class='ocrx_word' id='word_1_89' title='bbox 934 1562 1070 1645; x_wconf 91' lang='lat' dir='ltr'>loquitur</span> <span class='ocrx_word' id='word_1_90' title='bbox 1092 1564 1124 1626; x_wconf 91' lang='lat' dir='ltr'>et</span> <span class='ocrx_word' id='word_1_91' title='bbox 1139 1561 1227 1627; x_wconf 87' lang='lat' dir='ltr'>fatua</span> <span class='ocrx_word' id='word_1_92' title='bbox 1241 1561 1323 1627; x_wconf 89' lang='lat' dir='ltr'>dona</span> 
     </span>
     <span class='ocr_line' id='line_1_13' title="bbox 168 1665 1322 1748; baseline 0 -18"><span class='ocrx_word' id='word_1_93' title='bbox 168 1690 170 1695; x_wconf 95' lang='lat'>·</span> <span class='ocrx_word' id='word_1_94' title='bbox 207 1665 378 1748; x_wconf 83' lang='lat' dir='ltr'>promitt&#39;t:</span> <span class='ocrx_word' id='word_1_95' title='bbox 416 1667 513 1731; x_wconf 91' lang='lat' dir='ltr'>ridete</span> <span class='ocrx_word' id='word_1_96' title='bbox 539 1667 575 1730; x_wconf 91' lang='lat' dir='ltr'>ut</span> <span class='ocrx_word' id='word_1_97' title='bbox 602 1666 753 1747; x_wconf 88' lang='lat' dir='ltr'>sapientes</span> <span class='ocrx_word' id='word_1_98' title='bbox 782 1685 836 1732; x_wconf 90' lang='lat' dir='ltr'>uos</span> <span class='ocrx_word' id='word_1_99' title='bbox 865 1666 925 1730; x_wconf 89' lang='lat' dir='ltr'>uiri</span> <span class='ocrx_word' id='word_1_100' title='bbox 953 1666 984 1730; x_wconf 93' lang='lat' dir='ltr'>et</span> <span class='ocrx_word' id='word_1_101' title='bbox 1009 1666 1043 1730; x_wconf 92' lang='lat' dir='ltr'>in</span> <span class='ocrx_word' id='word_1_102' title='bbox 1073 1666 1137 1731; x_wconf 92' lang='lat' dir='ltr'>suis</span> <span class='ocrx_word' id='word_1_103' title='bbox 1167 1665 1322 1731; x_wconf 87' lang='lat' dir='ltr'>erroribus</span> 
     </span>
     <span class='ocr_line' id='line_1_14' title="bbox 208 1768 1325 1853; baseline 0.001 -20"><span class='ocrx_word' id='word_1_104' title='bbox 208 1769 384 1834; x_wconf 85' lang='lat' dir='ltr'>fatuitatem</span> <span class='ocrx_word' id='word_1_105' title='bbox 413 1770 577 1853; x_wconf 88' lang='lat' dir='ltr'>relinquite</span> <span class='ocrx_word' id='word_1_106' title='bbox 609 1770 752 1834; x_wconf 89' lang='lat' dir='ltr'>uolutari.</span> <span class='ocrx_word' id='word_1_107' title='bbox 789 1788 939 1852; x_wconf 88' lang='lat' dir='ltr'>quaenam</span> <span class='ocrx_word' id='word_1_108' title='bbox 973 1770 1019 1834; x_wconf 86' lang='lat' dir='ltr'>est</span> <span class='ocrx_word' id='word_1_109' title='bbox 1046 1769 1121 1834; x_wconf 91' lang='lat' dir='ltr'>haec</span> <span class='ocrx_word' id='word_1_110' title='bbox 1142 1768 1264 1851; x_wconf 66' lang='lat' dir='ltr'>ferias,</span> <span class='ocrx_word' id='word_1_111' title='bbox 1287 1769 1325 1834; x_wconf 90' lang='lat' dir='ltr'>ut</span> 
     </span>
     <span class='ocr_line' id='line_1_15' title="bbox 209 1871 1323 1955; baseline 0 -19"><span class='ocrx_word' id='word_1_112' title='bbox 209 1873 381 1954; x_wconf 88' lang='lat' dir='ltr'>repetemus</span> <span class='ocrx_word' id='word_1_113' title='bbox 405 1891 480 1955; x_wconf 87' lang='lat' dir='ltr'>quae</span> <span class='ocrx_word' id='word_1_114' title='bbox 502 1874 585 1938; x_wconf 90' lang='lat' dir='ltr'>dicta</span> <span class='ocrx_word' id='word_1_115' title='bbox 607 1874 679 1938; x_wconf 89' lang='lat' dir='ltr'>sunt</span> <span class='ocrx_word' id='word_1_116' title='bbox 700 1873 834 1955; x_wconf 87' lang='lat' dir='ltr'>saepius,</span> <span class='ocrx_word' id='word_1_117' title='bbox 865 1892 942 1955; x_wconf 92' lang='lat' dir='ltr'>quae</span> <span class='ocrx_word' id='word_1_118' title='bbox 971 1872 1066 1936; x_wconf 90' lang='lat' dir='ltr'>libido</span> <span class='ocrx_word' id='word_1_119' title='bbox 1089 1875 1155 1936; x_wconf 89' lang='lat' dir='ltr'>tam</span> <span class='ocrx_word' id='word_1_120' title='bbox 1177 1871 1323 1952; x_wconf 84' lang='lat' dir='ltr'>carnifex,</span> 
     </span>
     <span class='ocr_line' id='line_1_16' title="bbox 209 1974 1360 2056; baseline 0 -17"><span class='ocrx_word' id='word_1_121' title='bbox 209 1974 392 2056; x_wconf 82' lang='lat' dir='ltr'>inexpiabile</span> <span class='ocrx_word' id='word_1_122' title='bbox 419 1975 536 2039; x_wconf 91' lang='lat' dir='ltr'>bellum</span> <span class='ocrx_word' id='word_1_123' title='bbox 563 1975 697 2040; x_wconf 90' lang='lat' dir='ltr'>indicere</span> <span class='ocrx_word' id='word_1_124' title='bbox 725 1975 803 2039; x_wconf 91' lang='lat' dir='ltr'>nihil</span> <span class='ocrx_word' id='word_1_125' title='bbox 833 1976 870 2040; x_wconf 91' lang='lat' dir='ltr'>de</span> <span class='ocrx_word' id='word_1_126' title='bbox 892 1977 923 2040; x_wconf 90' lang='lat' dir='ltr'>te</span> <span class='ocrx_word' id='word_1_127' title='bbox 945 1975 1072 2055; x_wconf 88' lang='lat' dir='ltr'>merito,</span> <span class='ocrx_word' id='word_1_128' title='bbox 1102 1975 1270 2041; x_wconf 88' lang='lat' dir='ltr'>dilacerare</span> <span class='ocrx_word' id='word_1_129' title='bbox 1297 1976 1360 2040; x_wconf 80' lang='lat' dir='ltr'>siis</span> 
     </span>
     <span class='ocr_line' id='line_1_17' title="bbox 210 2076 1326 2160; baseline 0.001 -17"><span class='ocrx_word' id='word_1_130' title='bbox 210 2077 299 2143; x_wconf 92' lang='lat' dir='ltr'>detur</span> <span class='ocrx_word' id='word_1_131' title='bbox 326 2096 395 2142; x_wconf 92' lang='lat' dir='ltr'>eum</span> <span class='ocrx_word' id='word_1_132' title='bbox 425 2077 504 2142; x_wconf 88' lang='lat' dir='ltr'>uelle</span> <span class='ocrx_word' id='word_1_133' title='bbox 531 2097 585 2159; x_wconf 89' lang='lat' dir='ltr'>per</span> <span class='ocrx_word' id='word_1_134' title='bbox 607 2078 738 2157; x_wconf 89' lang='lat' dir='ltr'>uiscera,</span> <span class='ocrx_word' id='word_1_135' title='bbox 768 2078 821 2160; x_wconf 91' lang='lat' dir='ltr'>qui</span> <span class='ocrx_word' id='word_1_136' title='bbox 842 2096 904 2143; x_wconf 91' lang='lat' dir='ltr'>non</span> <span class='ocrx_word' id='word_1_137' title='bbox 925 2076 1014 2142; x_wconf 92' lang='lat' dir='ltr'>modo</span> <span class='ocrx_word' id='word_1_138' title='bbox 1037 2077 1159 2143; x_wconf 92' lang='lat' dir='ltr'>nullum</span> <span class='ocrx_word' id='word_1_139' title='bbox 1180 2079 1326 2144; x_wconf 91' lang='lat' dir='ltr'>intulerit</span> 
     </span>
     <span class='ocr_line' id='line_1_18' title="bbox 210 2181 1326 2266; baseline 0.002 -20"><span class='ocrx_word' id='word_1_140' title='bbox 210 2182 329 2250; x_wconf 91' lang='lat' dir='ltr'>malum</span> <span class='ocrx_word' id='word_1_141' title='bbox 350 2182 409 2247; x_wconf 94' lang='lat' dir='ltr'>ulli</span> <span class='ocrx_word' id='word_1_142' title='bbox 430 2182 483 2247; x_wconf 92' lang='lat' dir='ltr'>sed</span> <span class='ocrx_word' id='word_1_143' title='bbox 506 2183 675 2264; x_wconf 88' lang='lat' dir='ltr'>aequaliter</span> <span class='ocrx_word' id='word_1_144' title='bbox 696 2182 848 2266; x_wconf 83' lang='lat' dir='ltr'>benignus</span> <span class='ocrx_word' id='word_1_145' title='bbox 873 2182 1014 2247; x_wconf 89' lang='lat' dir='ltr'>hostibus</span> <span class='ocrx_word' id='word_1_146' title='bbox 1030 2181 1153 2261; x_wconf 90' lang='lat' dir='ltr'>diceret,</span> <span class='ocrx_word' id='word_1_147' title='bbox 1177 2183 1326 2264; x_wconf 88' lang='lat' dir='ltr'>quidnam</span> 
     </span>
     <span class='ocr_line' id='line_1_19' title="bbox 210 2284 1335 2367; baseline 0.003 -19"><span class='ocrx_word' id='word_1_148' title='bbox 210 2284 322 2350; x_wconf 88' lang='lat' dir='ltr'>animis</span> <span class='ocrx_word' id='word_1_149' title='bbox 338 2285 447 2366; x_wconf 86' lang='lat' dir='ltr'>salutis</span> <span class='ocrx_word' id='word_1_150' title='bbox 463 2285 517 2349; x_wconf 92' lang='lat' dir='ltr'>deo</span> <span class='ocrx_word' id='word_1_151' title='bbox 533 2286 704 2367; x_wconf 88' lang='lat' dir='ltr'>portaretur</span> <span class='ocrx_word' id='word_1_152' title='bbox 718 2304 736 2349; x_wconf 91' lang='lat' dir='ltr'>a</span> <span class='ocrx_word' id='word_1_153' title='bbox 750 2286 895 2366; x_wconf 90' lang='lat' dir='ltr'>principe,</span> <span class='ocrx_word' id='word_1_154' title='bbox 916 2285 990 2366; x_wconf 92' lang='lat' dir='ltr'>quid</span> <span class='ocrx_word' id='word_1_155' title='bbox 1006 2287 1085 2350; x_wconf 91' lang='lat' dir='ltr'>esset</span> <span class='ocrx_word' id='word_1_156' title='bbox 1101 2284 1182 2350; x_wconf 85' lang='lat' dir='ltr'>iacto</span> <span class='ocrx_word' id='word_1_157' title='bbox 1198 2303 1273 2367; x_wconf 89' lang='lat' dir='ltr'>opus</span> <span class='ocrx_word' id='word_1_158' title='bbox 1289 2289 1335 2351; x_wconf 87' lang='lat' dir='ltr'>ut.</span> 
     </span>
    </p>
   </div>
   <div class='ocr_carea' id='block_1_3' title="bbox 205 2387 1379 3089">
    <p class='ocr_par' dir='ltr' id='par_1_3' title="bbox 205 2387 1379 3089">
     <span class='ocr_line' id='line_1_20' title="bbox 208 2387 1327 2471; baseline 0.003 -20"><span class='ocrx_word' id='word_1_159' title='bbox 208 2387 372 2451; x_wconf 86' lang='lat' dir='ltr'>interitum</span> <span class='ocrx_word' id='word_1_160' title='bbox 394 2388 535 2470; x_wconf 86' lang='lat' dir='ltr'>fugerent</span> <span class='ocrx_word' id='word_1_161' title='bbox 558 2388 589 2452; x_wconf 92' lang='lat' dir='ltr'>et</span> <span class='ocrx_word' id='word_1_162' title='bbox 610 2388 878 2452; x_wconf 87' lang='lat' dir='ltr'>immortalitatem</span> <span class='ocrx_word' id='word_1_163' title='bbox 892 2388 1147 2470; x_wconf 88' lang='lat' dir='ltr'>consequerentur</span> <span class='ocrx_word' id='word_1_164' title='bbox 1161 2389 1327 2471; x_wconf 79' lang='lat' dir='ltr'>ignotame</span> 
     </span>
     <span class='ocr_line' id='line_1_21' title="bbox 210 2490 1360 2573; baseline 0 -18"><span class='ocrx_word' id='word_1_165' title='bbox 210 2510 341 2572; x_wconf 89' lang='lat' dir='ltr'>cumque</span> <span class='ocrx_word' id='word_1_166' title='bbox 364 2492 485 2555; x_wconf 88' lang='lat' dir='ltr'>nouitas</span> <span class='ocrx_word' id='word_1_167' title='bbox 513 2510 616 2556; x_wconf 90' lang='lat' dir='ltr'>rerum</span> <span class='ocrx_word' id='word_1_168' title='bbox 638 2495 668 2556; x_wconf 90' lang='lat' dir='ltr'>et</span> <span class='ocrx_word' id='word_1_169' title='bbox 691 2490 833 2555; x_wconf 89' lang='lat' dir='ltr'>inaudita</span> <span class='ocrx_word' id='word_1_170' title='bbox 854 2491 1014 2573; x_wconf 89' lang='lat' dir='ltr'>promissio</span> <span class='ocrx_word' id='word_1_171' title='bbox 1042 2491 1236 2556; x_wconf 87' lang='lat' dir='ltr'>audientium</span> <span class='ocrx_word' id='word_1_172' title='bbox 1259 2494 1360 2557; x_wconf 80' lang='lat' dir='ltr'>tur-ro</span> 
     </span>
     <span class='ocr_line' id='line_1_22' title="bbox 212 2593 1326 2671; baseline 0.003 -15"><span class='ocrx_word' id='word_1_173' title='bbox 212 2594 299 2658; x_wconf 86' lang='lat' dir='ltr'>beret</span> <span class='ocrx_word' id='word_1_174' title='bbox 321 2595 439 2658; x_wconf 86' lang='lat' dir='ltr'>mentes</span> <span class='ocrx_word' id='word_1_175' title='bbox 462 2595 493 2659; x_wconf 91' lang='lat' dir='ltr'>et</span> <span class='ocrx_word' id='word_1_176' title='bbox 514 2594 726 2658; x_wconf 85' lang='lat' dir='ltr'>credulitatem</span> <span class='ocrx_word' id='word_1_177' title='bbox 749 2593 862 2658; x_wconf 90' lang='lat' dir='ltr'>faceret</span> <span class='ocrx_word' id='word_1_178' title='bbox 889 2594 1053 2671; x_wconf 84' lang='lat' dir='ltr'>haesitare,</span> <span class='ocrx_word' id='word_1_179' title='bbox 1082 2593 1236 2659; x_wconf 90' lang='lat' dir='ltr'>uirtutum</span> <span class='ocrx_word' id='word_1_180' title='bbox 1259 2613 1326 2659; x_wconf 91' lang='lat' dir='ltr'>om-</span> 
     </span>
     <span class='ocr_line' id='line_1_23' title="bbox 211 2696 1328 2780; baseline 0.003 -19"><span class='ocrx_word' id='word_1_181' title='bbox 211 2696 298 2761; x_wconf 92' lang='lat' dir='ltr'>nium</span> <span class='ocrx_word' id='word_1_182' title='bbox 331 2697 470 2761; x_wconf 89' lang='lat' dir='ltr'>dominus</span> <span class='ocrx_word' id='word_1_183' title='bbox 497 2697 588 2779; x_wconf 88' lang='lat' dir='ltr'>atque</span> <span class='ocrx_word' id='word_1_184' title='bbox 614 2697 711 2780; x_wconf 90' lang='lat' dir='ltr'>ipsius</span> <span class='ocrx_word' id='word_1_185' title='bbox 739 2697 848 2761; x_wconf 83' lang='lat' dir='ltr'>mortis</span> <span class='ocrx_word' id='word_1_186' title='bbox 875 2697 1030 2761; x_wconf 85' lang='lat' dir='ltr'>extinctor</span> <span class='ocrx_word' id='word_1_187' title='bbox 1059 2697 1213 2763; x_wconf 92' lang='lat' dir='ltr'>homiuem</span> <span class='ocrx_word' id='word_1_188' title='bbox 1235 2717 1328 2764; x_wconf 87' lang='lat' dir='ltr'>suum</span> 
     </span>
     <span class='ocr_line' id='line_1_24' title="bbox 214 2799 1327 2887; baseline 0.004 -24"><span class='ocrx_word' id='word_1_189' title='bbox 214 2799 354 2882; x_wconf 89' lang='lat' dir='ltr'>permisit</span> <span class='ocrx_word' id='word_1_190' title='bbox 381 2799 525 2879; x_wconf 88' lang='lat' dir='ltr'>interfici,</span> <span class='ocrx_word' id='word_1_191' title='bbox 557 2804 592 2864; x_wconf 88' lang='lat' dir='ltr'>ut</span> <span class='ocrx_word' id='word_1_192' title='bbox 614 2818 649 2863; x_wconf 88' lang='lat' dir='ltr'>ex</span> <span class='ocrx_word' id='word_1_193' title='bbox 671 2799 761 2865; x_wconf 86' lang='lat' dir='ltr'>rebus</span> <span class='ocrx_word' id='word_1_194' title='bbox 783 2799 1038 2882; x_wconf 90' lang='lat' dir='ltr'>consequentibus</span> <span class='ocrx_word' id='word_1_195' title='bbox 1066 2800 1180 2865; x_wconf 89' lang='lat' dir='ltr'>seirent</span> <span class='ocrx_word' id='word_1_196' title='bbox 1201 2801 1240 2887; x_wconf 79' lang='lat' dir='ltr'>in</span> <span class='ocrx_word' id='word_1_197' title='bbox 1258 2802 1327 2867; x_wconf 93' lang='lat' dir='ltr'>tuto</span> 
     </span>
     <span class='ocr_line' id='line_1_25' title="bbox 215 2903 1326 2985; baseline 0.004 -18"><span class='ocrx_word' id='word_1_198' title='bbox 215 2921 280 2967; x_wconf 91' lang='lat' dir='ltr'>esse</span> <span class='ocrx_word' id='word_1_199' title='bbox 294 2921 369 2985; x_wconf 89' lang='lat' dir='ltr'>spes</span> <span class='ocrx_word' id='word_1_200' title='bbox 392 2921 462 2968; x_wconf 89' lang='lat' dir='ltr'>suas</span> <span class='ocrx_word' id='word_1_201' title='bbox 485 2921 560 2985; x_wconf 87' lang='lat' dir='ltr'>quas</span> <span class='ocrx_word' id='word_1_202' title='bbox 585 2903 765 2968; x_wconf 90' lang='lat' dir='ltr'>iamdudum</span> <span class='ocrx_word' id='word_1_203' title='bbox 791 2904 969 2985; x_wconf 83' lang='lat' dir='ltr'>acceperant</span> <span class='ocrx_word' id='word_1_204' title='bbox 984 2903 1021 2967; x_wconf 92' lang='lat' dir='ltr'>de</span> <span class='ocrx_word' id='word_1_205' title='bbox 1036 2903 1210 2968; x_wconf 88' lang='lat' dir='ltr'>animarum</span> <span class='ocrx_word' id='word_1_206' title='bbox 1225 2905 1326 2971; x_wconf 88' lang='lat' dir='ltr'>salute</span> 
     </span>
     <span class='ocr_line' id='line_1_26' title="bbox 205 3003 1379 3089; baseline -0.003 -19"><span class='ocrx_word' id='word_1_207' title='bbox 205 3024 271 3071; x_wconf 60' lang='lat' dir='ltr'>*neo</span> <span class='ocrx_word' id='word_1_208' title='bbox 291 3006 460 3086; x_wconf 87' lang='lat' dir='ltr'>periculum</span> <span class='ocrx_word' id='word_1_209' title='bbox 484 3005 591 3071; x_wconf 90' lang='lat' dir='ltr'>mortis</span> <span class='ocrx_word' id='word_1_210' title='bbox 614 3006 674 3071; x_wconf 85' lang='lat' dir='ltr'>alia</span> <span class='ocrx_word' id='word_1_211' title='bbox 696 3025 727 3072; x_wconf 92' lang='lat' dir='ltr'>se</span> <span class='ocrx_word' id='word_1_212' title='bbox 749 3025 836 3089; x_wconf 91' lang='lat' dir='ltr'>posse</span> <span class='ocrx_word' id='word_1_213' title='bbox 857 3006 976 3071; x_wconf 90' lang='lat' dir='ltr'>ratione</span> <span class='ocrx_word' id='word_1_214' title='bbox 999 3003 1107 3072; x_wconf 85' lang='lat' dir='ltr'>uitare.</span> <span class='ocrx_word' id='word_1_215' title='bbox 1336 3023 1379 3066; x_wconf 66' lang='lat' dir='ltr'>r-</span> 
     </span>
    </p>
   </div>
   <div class='ocr_carea' id='block_1_4' title="bbox 211 3311 1379 3631">
    <p class='ocr_par' dir='ltr' id='par_1_4' title="bbox 211 3311 1379 3631">
     <span class='ocr_line' id='line_1_27' title="bbox 249 3311 1260 3383; baseline 0.003 -16"><span class='ocrx_word' id='word_1_216' title='bbox 249 3311 517 3382; x_wconf 83' lang='lat' dir='ltr'>5inhumanitasque</span> <span class='ocrx_word' id='word_1_217' title='bbox 536 3313 592 3368; x_wconf 76' lang='lat' dir='ltr'>sao</span> <span class='ocrx_word' id='word_1_218' title='bbox 706 3313 833 3383; x_wconf 74' lang='lat' dir='ltr'>dloquar</span> <span class='ocrx_word' id='word_1_219' title='bbox 850 3314 905 3369; x_wconf 79' lang='lat' dir='ltr'>Sco</span> <span class='ocrx_word' id='word_1_220' title='bbox 1016 3313 1186 3370; x_wconf 84' lang='lat' dir='ltr'>fastidiosum</span> <span class='ocrx_word' id='word_1_221' title='bbox 1204 3315 1260 3370; x_wconf 80' lang='lat' dir='ltr'>Sub</span> 
     </span>
     <span class='ocr_line' id='line_1_28' title="bbox 211 3395 1329 3469; baseline 0.005 -19"><span class='ocrx_word' id='word_1_222' title='bbox 211 3397 232 3451; x_wconf 76' lang='grc'>9</span> <span class='ocrx_word' id='word_1_223' title='bbox 251 3412 283 3450; x_wconf 86' lang='lat' dir='ltr'>ea</span> <span class='ocrx_word' id='word_1_224' title='bbox 299 3412 365 3468; x_wconf 84' lang='lat' dir='ltr'>quaa</span> <span class='ocrx_word' id='word_1_225' title='bbox 376 3400 404 3453; x_wconf 90' lang='lat' dir='ltr'><strong><em>P</em></strong></span> <span class='ocrx_word' id='word_1_226' title='bbox 515 3400 548 3452; x_wconf 91' lang='lat'>11</span> <span class='ocrx_word' id='word_1_227' title='bbox 566 3395 713 3468; x_wconf 75' lang='lat' dir='ltr'>compbtate</span> <span class='ocrx_word' id='word_1_228' title='bbox 731 3400 758 3454; x_wconf 94' lang='lat' dir='ltr'><strong><em>P</em></strong></span> <span class='ocrx_word' id='word_1_229' title='bbox 775 3402 935 3469; x_wconf 88' lang='lat' dir='ltr'>comportate</span> <span class='ocrx_word' id='word_1_230' title='bbox 949 3398 1003 3454; x_wconf 80' lang='lat' dir='ltr'>Sub</span> <span class='ocrx_word' id='word_1_231' title='bbox 1123 3401 1155 3455; x_wconf 87' lang='lat'>13</span> <span class='ocrx_word' id='word_1_232' title='bbox 1172 3400 1329 3456; x_wconf 82' lang='lat' dir='ltr'>fatuitatem</span> 
     </span>
     <span class='ocr_line' id='line_1_29' title="bbox 217 3485 1379 3544; baseline 0.003 -4"><span class='ocrx_word' id='word_1_233' title='bbox 217 3485 286 3540; x_wconf 74' lang='lat' dir='ltr'>Sao.-</span> <span class='ocrx_word' id='word_1_234' title='bbox 303 3486 475 3540; x_wconf 88' lang='lat' dir='ltr'>fatuitautem</span> <span class='ocrx_word' id='word_1_235' title='bbox 493 3488 520 3540; x_wconf 92' lang='lat' dir='ltr'><em>P</em></span> <span class='ocrx_word' id='word_1_236' title='bbox 631 3487 664 3542; x_wconf 90' lang='lat'>15</span> <span class='ocrx_word' id='word_1_237' title='bbox 681 3487 823 3542; x_wconf 89' lang='lat' dir='ltr'>dilacerare</span> <span class='ocrx_word' id='word_1_238' title='bbox 840 3487 910 3541; x_wconf 78' lang='lat' dir='ltr'>Sub.-</span> <span class='ocrx_word' id='word_1_239' title='bbox 928 3487 1072 3542; x_wconf 87' lang='lat' dir='ltr'>delacerare</span> <span class='ocrx_word' id='word_1_240' title='bbox 1089 3489 1116 3542; x_wconf 94' lang='lat' dir='ltr'><strong><em>P</em></strong></span> <span class='ocrx_word' id='word_1_241' title='bbox 1227 3489 1261 3543; x_wconf 77' lang='lat'>17</span> <span class='ocrx_word' id='word_1_242' title='bbox 1280 3489 1379 3544; x_wconf 91' lang='lat' dir='ltr'>ulli..</span> 
     </span>
     <span class='ocr_line' id='line_1_30' title="bbox 217 3572 1379 3631; baseline 0.005 -6"><span class='ocrx_word' id='word_1_243' title='bbox 217 3572 372 3626; x_wconf 73' lang='lat' dir='ltr'>Macareida:</span> <span class='ocrx_word' id='word_1_244' title='bbox 400 3573 469 3626; x_wconf 90' lang='lat' dir='ltr'>nulli</span> <span class='ocrx_word' id='word_1_245' title='bbox 487 3574 513 3627; x_wconf 94' lang='lat' dir='ltr'><strong><em>P</em></strong></span> <span class='ocrx_word' id='word_1_246' title='bbox 614 3572 735 3627; x_wconf 91' lang='lat' dir='ltr'>omnibus</span> <span class='ocrx_word' id='word_1_247' title='bbox 758 3573 808 3627; x_wconf 76' lang='lat' dir='ltr'>cer</span> <span class='ocrx_word' id='word_1_248' title='bbox 918 3573 1015 3627; x_wconf 89' lang='lat' dir='ltr'>diceret</span> <span class='ocrx_word' id='word_1_249' title='bbox 1034 3573 1088 3628; x_wconf 78' lang='lat' dir='ltr'>Sub</span> <span class='ocrx_word' id='word_1_250' title='bbox 1105 3575 1136 3628; x_wconf 81' lang='lat' dir='ltr'>ic</span> <span class='ocrx_word' id='word_1_251' title='bbox 1153 3590 1214 3628; x_wconf 83' lang='lat' dir='ltr'>err:</span> <span class='ocrx_word' id='word_1_252' title='bbox 1243 3575 1379 3631; x_wconf 69' lang='lat' dir='ltr'>dicere</span> 
     </span>
    </p>
   </div>
   <div class='ocr_carea' id='block_1_5' title="bbox 217 3659 1379 3814">
    <p class='ocr_par' dir='ltr' id='par_1_5' title="bbox 217 3659 1379 3814">
     <span class='ocr_line' id='line_1_31' title="bbox 218 3659 1379 3728; baseline 0.003 -15"><span class='ocrx_word' id='word_1_253' title='bbox 218 3659 245 3713; x_wconf 95' lang='lat' dir='ltr'><strong><em>P</em></strong></span> <span class='ocrx_word' id='word_1_254' title='bbox 262 3659 380 3713; x_wconf 86' lang='lat' dir='ltr'>docuerit</span> <span class='ocrx_word' id='word_1_255' title='bbox 401 3660 449 3715; x_wconf 76' lang='lat' dir='ltr'>Get</span> <span class='ocrx_word' id='word_1_256' title='bbox 535 3660 566 3714; x_wconf 89' lang='grc'>18</span> <span class='ocrx_word' id='word_1_257' title='bbox 584 3659 680 3713; x_wconf 90' lang='lat' dir='ltr'>animis</span> <span class='ocrx_word' id='word_1_258' title='bbox 697 3661 810 3728; x_wconf 80' lang='lat' dir='ltr'>scripsi:</span> <span class='ocrx_word' id='word_1_259' title='bbox 828 3659 871 3713; x_wconf 85' lang='lat' dir='ltr'>his</span> <span class='ocrx_word' id='word_1_260' title='bbox 889 3660 917 3713; x_wconf 95' lang='lat' dir='ltr'><strong><em>P</em></strong></span> <span class='ocrx_word' id='word_1_261' title='bbox 1000 3662 1063 3714; x_wconf 69' lang='lat' dir='ltr'>esset</span> <span class='ocrx_word' id='word_1_262' title='bbox 1080 3660 1107 3715; x_wconf 95' lang='lat' dir='ltr'><strong><em>P</em></strong></span> <span class='ocrx_word' id='word_1_263' title='bbox 1192 3661 1224 3714; x_wconf 86' lang='grc'>19</span> <span class='ocrx_word' id='word_1_264' title='bbox 1242 3677 1379 3716; x_wconf 89' lang='lat' dir='ltr'>conse—</span> 
     </span>
     <span class='ocr_line' id='line_1_32' title="bbox 217 3744 1267 3814; baseline 0.003 -15"><span class='ocrx_word' id='word_1_265' title='bbox 217 3745 393 3814; x_wconf 63' lang='lat' dir='ltr'>querenturP</span> <span class='ocrx_word' id='word_1_266' title='bbox 469 3745 653 3800; x_wconf 78' lang='lat' dir='ltr'>20turbarent</span> <span class='ocrx_word' id='word_1_267' title='bbox 666 3746 720 3801; x_wconf 80' lang='lat' dir='ltr'>Sub</span> <span class='ocrx_word' id='word_1_268' title='bbox 801 3744 1029 3799; x_wconf 68' lang='lat' dir='ltr'>macerantem</span> <span class='ocrx_word' id='word_1_269' title='bbox 1110 3744 1225 3801; x_wconf 80' lang='lat' dir='ltr'>hesitare</span> <span class='ocrx_word' id='word_1_270' title='bbox 1238 3746 1267 3802; x_wconf 90' lang='lat' dir='ltr'><strong><em>P</em></strong></span> 
     </span>
    </p>
   </div>
   <div class='ocr_carea' id='block_1_6' title="bbox 212 3834 938 3906">
    <p class='ocr_par' dir='ltr' id='par_1_6' title="bbox 212 3834 938 3906">
     <span class='ocr_line' id='line_1_33' title="bbox 212 3834 938 3906; baseline 0 -4"><span class='ocrx_word' id='word_1_271' title='bbox 212 3850 251 3903; x_wconf 79' lang='grc'>’25</span> <span class='ocrx_word' id='word_1_272' title='bbox 269 3865 385 3906; x_wconf 76' lang='lat' dir='ltr'>sanem</span> <span class='ocrx_word' id='word_1_273' title='bbox 403 3835 451 3905; x_wconf 61' lang='lat' dir='ltr'>mr}</span> <span class='ocrx_word' id='word_1_274' title='bbox 468 3863 494 3904; x_wconf 87' lang='lat'>·1·</span> <span class='ocrx_word' id='word_1_275' title='bbox 512 3834 574 3904; x_wconf 60' lang='lat' dir='ltr'>uxi.</span> <span class='ocrx_word' id='word_1_276' title='bbox 592 3834 641 3903; x_wconf 69' lang='lat' dir='ltr'>ruo</span> <span class='ocrx_word' id='word_1_277' title='bbox 657 3834 704 3903; x_wconf 66' lang='lat' dir='ltr'>nri</span> <span class='ocrx_word' id='word_1_278' title='bbox 722 3863 760 3903; x_wconf 78' lang='lat' dir='ltr'>ur·</span> <span class='ocrx_word' id='word_1_279' title='bbox 777 3834 892 3904; x_wconf 64' lang='lat' dir='ltr'>numum.</span> <span class='ocrx_word' id='word_1_280' title='bbox 910 3849 938 3902; x_wconf 90' lang='lat' dir='ltr'><strong><em>P</em></strong></span> 
     </span>
    </p>
   </div>
   <div class='ocr_carea' id='block_1_7' title="bbox 0 0 1401 4808">
    <p class='ocr_par' dir='ltr' id='par_1_7' title="bbox 0 0 1401 4808">
     <span class='ocr_line' id='line_1_34' title="bbox 0 0 1401 4808; baseline 0 0"><span class='ocrx_word' id='word_1_281' title='bbox 0 0 1401 4808; x_wconf 95' lang='lat' dir='ltr'> </span> 
     </span>
    </p>
   </div>
  </div>
 </body>
</html>
