2760 4808
1134 321 1204 377 xm

90 501 120 562 in
146 501 341 584 agnoscenda
367 502 507 563 ueterum
537 498 755 564 consuetudine
784 498 937 582 sagacitas
960 497 1126 579 praeclaris
1149 497 1204 561 ob-

91 602 319 667 seruationibus
340 603 487 673 beneuole
510 621 560 666 me
583 601 713 666 adiuuit.
738 602 813 666 dum
827 620 901 667 uero
915 602 1058 686 plagulas
1075 601 1205 683 corrigo,

91 705 203 770 allatus
227 714 275 769 est
295 705 396 771 ZInlrii
418 704 669 771 emendationum
689 704 940 771 Arnobianarum
960 703 1087 770 libellus
1102 703 1207 768 nouis·

91 808 196 887 simus,
219 827 312 890 quem
326 810 518 890 Bambergae
534 809 615 873 1873
631 808 740 874 edidit.
767 807 851 874 idem
872 827 891 873 a
911 827 961 872 me
984 809 1111 890 rogatus
1134 825 1208 872 con-

92 910 223 976 iecturas
251 931 270 977 a
297 930 329 976 se
356 912 495 978 nondum
521 912 640 994 publici
662 912 738 976 iuris
760 911 858 977 factas
885 910 1056 977 liberaliter
1083 929 1207 976 mecum

93 1014 341 1080 communicauit.
357 1013 468 1097 quibus
484 1017 615 1098 cognitis
630 1015 790 1079 interdum
804 1033 854 1078 me
869 1014 901 1077 in
917 1014 1047 1079 eandem
1061 1012 1208 1078 medendi

97 1119 246 1184 rationem
259 1117 402 1184 incidisse
423 1119 608 1201 gaudebam,
631 1137 686 1183 nec
708 1118 812 1183 minus
834 1121 926 1201 grata
948 1121 1036 1183 erant
1058 1135 1136 1199 qnae
1158 1135 1208 1182 me

97 1220 246 1304 fugerant.
278 1222 372 1286 etiem
399 1221 626 1287 Klussmannus
654 1221 733 1286 mihi
762 1222 869 1286 adesse
895 1221 1012 1286 uoluit.
1049 1220 1211 1303 praeterea

97 1322 226 1389 irnobio
248 1341 317 1388 meo
338 1323 402 1388 iam
423 1326 505 1407 typis
528 1343 668 1407 expresso
683 1324 717 1389 id
733 1326 782 1389 est
797 1327 926 1390 exeunte
943 1342 1021 1388 anno
1039 1323 1123 1389 1874
1137 1340 1211 1387 con·

99 1428 163 1509 tigit
192 1430 237 1494 ut,
251 1427 379 1511 Volgeri
404 1427 555 1511 praefecti
582 1427 787 1493 bibliothecae
808 1426 1059 1510 bureburgensis
1087 1426 1211 1491 urbicae

100 1530 285 1616 benignitate
306 1532 473 1613 apparatus
495 1529 607 1609 critici,
631 1548 723 1613 quem
744 1531 787 1596 M.
811 1529 937 1596 drusius
960 1534 1069 1595 octavo
1093 1529 1211 1594 decimo

103 1635 211 1700 1111111
233 1635 361 1699 ineunte
384 1637 423 1700 ad
445 1653 559 1699 nouam
580 1634 712 1700 Arnobii
734 1635 902 1699 editionem
919 1633 1130 1699 adornandam
1146 1632 1212 1697 ool·

104 1736 209 1821 lcgerat
240 1737 292 1822 (cf.
324 1735 448 1803 Oehleri
474 1737 570 1822 praef.
597 1760 628 1822 p.
657 1735 732 1823 VI),
763 1742 982 1821 campartem
1009 1737 1212 1814 nanciscerer,

106 1857 154 1919 qua
180 1842 410 1906 emendationes
431 1841 467 1906 P.
490 1841 613 1907 Pithoei
639 1842 748 1923 Huetii
772 1841 906 1926 Rigaltii
932 1842 1046 1924 Guyeti
1071 1840 1218 1905 Memmii

107 1943 227 2007 aliorum
255 1943 500 2011 continerentur:
530 1948 613 2012 unde
641 1948 745 2011 omnia
772 1963 850 2028 quae
879 1944 960 2011 scitu
989 1945 1084 2027 digna
1111 1945 1215 2009 essent

107 2045 261 2112 Oehlerum
283 2048 469 2129 excerpsisse
492 2049 592 2115 didici.
615 2049 727 2130 quibus
742 2050 819 2114 uiris
835 2050 977 2114 omnibus
993 2048 1115 2113 debitas
1129 2063 1213 2111 nunc

106 2151 210 2230 gratias
233 2167 325 2232 agere
347 2149 431 2215 licet.

195 2253 243 2318 Ex
264 2253 383 2337 ingenti
404 2273 478 2320 uero
502 2258 748 2322 coniecturarum
771 2273 910 2332 numero,
934 2253 1087 2336 quemad
1110 2251 1214 2316 Aruo-

106 2351 181 2419 bium
204 2359 424 2439 congesserunt
445 2356 543 2423 trium
563 2358 757 2423 saeculorum
779 2356 944 2440 philologi,
974 2360 1094 2440 praeter
1117 2356 1215 2421 certas

107 2458 327 2523 emendationes
349 2459 445 2543 selegi
466 2479 528 2540 eas,
551 2480 628 2542 quae
652 2460 724 2526 crisi
739 2460 936 2525 Arnobianae
959 2461 1054 2525 alicui
1074 2460 1146 2524 usui
1161 2460 1216 2523 aut

105 2559 190 2627 fuisse
219 2564 275 2627 aut
302 2563 367 2627 foro
389 2564 577 2630 uidebantur
599 2564 727 2646 reliquls
750 2563 894 2629 omnibus
917 2564 1155 2646 praetermissis,
1177 2581 1217 2626 11

105 2664 281 2748 scriptorem
295 2665 400 2730 inutili
422 2668 578 2751 farragine
601 2667 774 2732 obruerem.
798 2669 861 2732 iam
884 2667 1118 2745 donationibus,
1142 2684 1217 2749 quas

104 2766 160 2848 ipse
183 2768 218 2833 in
240 2770 432 2835 emendando
454 2769 590 2835 Amobio
614 2774 737 2836 secutus
759 2772 834 2850 sim,
863 2789 963 2854 pauca
985 2770 1113 2834 dicenda
1135 2771 1217 2832 sunt.

105 2871 216 2954 aliquot
232 2871 319 2949 locis,
342 2872 395 2955 qui
417 2873 552 2956 corrupti
574 2873 772 2953 dicebantur,
801 2873 957 2938 medelam
981 2873 1107 2938 adhibui
1132 2870 1220 2935 nulla

105 2974 159 3040 alia
180 2995 215 3039 11
236 2975 299 3040 nisi
311 2976 558 3058 interpunctione
574 2980 711 3042 mutata:
734 2976 768 3041 id
783 2981 864 3060 quod
879 2995 1112 3058 nonnumquam
1127 2977 1219 3039 tacite

105 3078 167 3144 ieci.
184 3082 279 3161 atque
294 3098 413 3162 semper
426 3081 459 3145 id
473 3085 532 3163 egi,
548 3082 584 3145 11
601 3082 664 3146 leni
679 3100 773 3146 manu
784 3081 916 3145 uulnera
926 3079 1057 3145 Arnobii
1067 3096 1220 3144 sanarem.

106 3182 233 3247 maxime
248 3184 354 3248 autem
365 3186 535 3248 uerendum
547 3189 603 3262 est,
618 3202 656 3248 ne
668 3202 908 3268 synonymorum
925 3182 1144 3260 cumulatione,
1161 3198 1223 3263 qua

106 3288 232 3369 scrIptor
260 3289 389 3370 gaudet,
418 3287 525 3352 offensi
552 3287 683 3353 calidius
710 3305 804 3370 quam
837 3288 1021 3370 prudentius
1055 3285 1223 3368 interpola·

106 3390 223 3457 toribus
246 3389 420 3456 tribuamus
443 3390 629 3457 Arnobiana.
653 3391 795 3473 inprimis
816 3389 966 3457 miramur
981 3407 1223 3472 synonymorum

107 3495 248 3575 pariant
270 3512 360 3576 saepe
381 3493 418 3559 fit
440 3495 528 3560 nulla
549 3496 658 3576 copula
682 3495 854 3560 coniuncta.
877 3495 941 3559 iam
964 3496 1150 3559 correctores
1166 3511 1219 3557 an·
1314 3554 1329 3578 ,

108 3596 182 3680 tiqui
205 3598 238 3662 in
259 3596 348 3663 initio
364 3596 437 3662 libri
452 3600 586 3663 alterum
601 3615 809 3682 synonymum
824 3599 1036 3680 expunxerunt
1059 3597 1089 3676 (c
1105 3597 1222 3675 1111.

109 3699 154 3766 21.
179 3700 231 3766 22.
256 3701 370 3780 14,17.
392 3701 443 3766 23.
466 3702 519 3779 41,
531 3700 560 3765 2.
577 3702 696 3778 72,10;
713 3698 738 3764 c'
751 3701 804 3779 44,
816 3701 846 3766 9.
863 3703 915 3779 66,
927 3701 978 3766 25.
996 3700 1109 3778 87,16.
1127 3699 1220 3774 88,1.

112 3803 158 3884 92,
171 3804 201 3867 7.
236 3803 371 3880 10816.
404 3805 475 3880 139,
490 3805 551 3882 17),
575 3806 655 3885 quod
677 3823 731 3869 suo
753 3804 891 3885 periculo
915 3823 965 3869 eos
1000 3802 1109 3868 fecisse
1142 3819 1224 3867 1111

110 3905 191 3972 locus
220 3907 329 3987 (41,2)
363 3910 545 3990 argumento
574 3910 638 3984 est,
671 3907 727 3972 ubi
753 3907 833 3972 falso
862 3908 1027 3972 correctori
1053 3923 1225 3988 synonyma

110 4010 259 4090 geminari
280 4010 350 4074 uisa
370 4014 453 4076 1111.
476 4014 584 4093 postea
606 4011 663 4078 hoc
685 4011 821 4077 remedio
835 4012 883 4074 111
898 4011 1073 4077 desierunt:
1094 4012 1224 4091 apparet

111 4129 158 4176 eos
180 4114 379 4196 perspexisse,
401 4132 432 4178 se
447 4113 622 4181 Arnobium
636 4133 697 4180 non
712 4115 854 4180 librarios
874 4103 1093 4178 'emendaturos
1117 4112 1221 4178 fuisse.

110 4213 293 4282 incautiores
309 4216 436 4283 fuerunt
450 4217 693 4284 Hildebrandius
709 4219 821 4300 quiquo
837 4237 908 4282 cum
923 4217 1023 4282 secuti
1045 4218 1129 4282 1111.
1151 4235 1224 4282 nam

110 4320 193 4386 ultra
215 4324 403 4386 correctores
425 4322 568 4404 antiquos
590 4341 697 4404 sapere
719 4322 779 4388 sibi
802 4322 863 4387 uisi
884 4321 989 4404 plures
1005 4339 1099 4402 quam
1112 4319 1162 4388 illi
1176 4319 1226 4384 in·
