2760 4808
212 340 252 405 18
512 337 654 392 Arnobii
678 337 837 392 aduersus
860 337 1014 392 nationes

209 511 281 577 sari.
314 512 389 576 haee
409 511 504 575 totius
526 529 647 576 summa
669 513 717 576 est
738 512 882 594 ardonis,
904 511 954 575 bio
974 511 1147 593 propositus
1168 509 1323 574 terminus

209 613 384 679 diuinorum
406 613 593 694 officiorum,
616 615 667 679 hic
689 614 776 696 finis,
799 614 872 679 huic
893 630 999 679 omnes
1021 631 1056 678 en
1079 629 1163 678 more
1184 613 1322 698 proster-

209 717 326 794 nimur,
360 717 441 781 hunc
472 716 603 782 conlatis
636 718 777 799 precibus
809 718 986 796 adoramus,
1021 717 1060 782 ab
1093 717 1149 781 hoc
1176 716 1269 781 iusta
1291 717 1323 781 ot

208 822 332 885 honesta
353 820 385 884 et
409 818 531 884 auditui
560 820 625 885 eius
657 821 807 904 condigna
842 820 1046 903 deposcimus,
1080 836 1140 884 non
1167 836 1226 902 quo
1255 820 1323 902 ipse

207 923 358 989 desideret
390 922 542 1006 supplices
574 942 629 988 nos
657 942 722 989 esse
751 925 804 989 aut
832 925 916 989 amet
947 922 1102 988 substerni
1124 923 1172 987 tot
1193 922 1357 987 miliums

208 1026 433 1091 uenerationem
455 1025 577 1090 uidere:
598 1025 721 1090 utilitas
736 1027 810 1092 hacc
823 1028 930 1092 nostra
944 1028 990 1091 est
1006 1027 1039 1090 et
1053 1025 1207 1090 commodi
1220 1026 1322 1091 nostri

207 1128 355 1194 rationem
383 1128 531 1211 spectans.
569 1146 640 1193 nam
669 1129 741 1211 quia
767 1129 854 1210 proni
876 1129 915 1194 ad
937 1128 1041 1210 culpas
1063 1129 1096 1194 ct
1117 1129 1155 1193 ad
1177 1127 1323 1194 libidinis

207 1231 307 1296 uarios
329 1231 484 1313 adpetitus
505 1230 583 1295 uitio
605 1249 711 1295 sumus
733 1231 924 1296 infirmitatis
953 1231 1121 1315 ingenitae,
1148 1230 1267 1313 patitur
1288 1250 1323 1298 se

208 1353 326 1418 semper
348 1334 461 1399 nostris
484 1333 720 1419 cogitationibus
735 1334 852 1416 concipi
873 1335 917 1413 ut,
944 1333 1017 1398 dum
1032 1333 1125 1399 illum
1145 1350 1267 1400 oramus
1290 1337 1324 1400 et

207 1440 315 1503 mereri
337 1439 403 1503 eius
426 1437 640 1503 contendimus
666 1455 809 1515 munera,
841 1437 1026 1521 accipiamus
1055 1438 1243 1504 innocentiae
1264 1455 1357 1505 uo·1o

208 1542 360 1606 luntatem
382 1544 413 1607 ot
434 1541 472 1607 ab
495 1540 579 1605 omni
600 1558 654 1605 nos
676 1541 745 1606 labe
760 1541 944 1607 delictorum
958 1541 1096 1607 omnium
1110 1543 1324 1626 amputatione

160 1654 383 1728 aspurgemus.
416 1645 489 1727 quid
511 1644 613 1710 dicitis
636 1664 653 1710 o
675 1645 768 1726 sacri,
798 1646 872 1727 quid
898 1647 996 1711 diuini
1022 1645 1201 1728 interpretes
1223 1644 1324 1711 iuris?

209 1747 382 1812 meliorisne
409 1749 479 1812 sunt
510 1766 630 1826 musae,
664 1747 718 1829 qui
744 1748 931 1815 Grundnlios
957 1749 1085 1813 adorant
1114 1748 1223 1829 Lause,
1247 1747 1324 1813 dios

208 1850 359 1929 Loandos,
383 1849 584 1929 Limentinos‚
608 1868 700 1931 quam
723 1869 829 1915 sumus
851 1868 905 1915 nos
920 1868 1034 1931 omues,
1058 1851 1111 1933 qui
1133 1851 1224 1915 deum
1246 1853 1324 1916 ooli·

209 1971 277 2018 mus
304 1971 406 2018 rorum
433 1953 552 2035 patrem
579 1953 670 2034 atque
698 1953 737 2017 ab
765 1972 799 2017 eo
822 1953 1012 2035 deposcimus
1034 1954 1124 2019 rebus
1143 1953 1232 2019 fessis
1254 1953 1355 2019 lan-e

208 2056 431 2140 guentibusque
458 2056 633 2121 tutamina?
668 2056 775 2122 atilli
809 2056 871 2122 cati
907 2058 1058 2139 sapientes
1090 2056 1324 2140 prudentissimi

209 2159 295 2225 uobis
324 2159 466 2225 uidentur
500 2178 555 2225 nec
590 2161 831 2243 reprehensionis
868 2160 982 2240 ullius,
1016 2161 1069 2243 qui
1097 2161 1234 2242 Faunos,
1269 2161 1324 2243 qui

208 2264 321 2329 Fatuus
358 2262 581 2345 ciuitatumque
617 2265 737 2348 genios,
774 2265 828 2346 qui
856 2265 991 2330 Pauores
1021 2265 1198 2330 tenerentur
1230 2266 1324 2347 atque

208 2367 365 2432 Bellonas:
402 2384 456 2431 nos
488 2365 610 2431 hebetes
643 2367 748 2432 stolidi
774 2367 854 2432 fatui
880 2366 1002 2432 obtunsi
1029 2367 1264 2449 pronuntiamur
1293 2370 1324 2434 et
1370 2360 1374 2367 ’

209 2468 302 2546 bruti,
325 2467 377 2549 qui
400 2466 573 2532 dedidimus
595 2469 729 2546 mesdeo,
753 2469 839 2534 cuius
854 2469 932 2533 nutu
948 2472 979 2534 st
993 2470 1120 2536 arbitrio
1137 2488 1225 2535 omne
1239 2472 1356 2553 quode

209 2570 256 2635 est
270 2569 389 2635 constat
405 2571 436 2635 et
450 2569 484 2634 in
499 2569 670 2635 sententiae
686 2589 757 2636 suae
772 2572 979 2654 perpetuitate
994 2572 1127 2638 defixum
1143 2574 1213 2639 est?
1227 2574 1321 2639 banc

209 2673 275 2737 ciue
297 2672 481 2738 sententiam
503 2672 661 2756 promitis,
691 2675 771 2740 hano
792 2675 894 2759 legem
916 2675 1121 2756 constituitis,
1151 2677 1227 2742 hanc
1250 2697 1322 2759 pro·

208 2777 372 2860 mulgatis‚
395 2777 430 2841 ut
451 2776 624 2842 honoribus
637 2776 798 2842 adficiatur
820 2778 1020 2860 amplissimis
1042 2778 1180 2861 quisquis
1202 2780 1323 2845 uestros

140 2880 381 2946 sroadorauerit
402 2880 554 2945 seruulus:
581 2899 700 2946 crucem
722 2886 875 2947 mereatur
897 2886 1062 2948 extremam
1081 2881 1086 2967 Ι
1105 2883 1243 2965 quisquis
1266 2900 1322 2950 uo-

210 2984 257 3049 bis
278 2984 353 3065 ipsis
375 2983 506 3048 dominis
528 2984 728 3066 supplicarit?
755 2985 789 3049 in
811 2985 989 3050 ciuitatibus
1011 2985 1153 3050 maximis
1174 2987 1267 3068 atque
1287 2985 1358 3051 ina

209 3086 429 3168 potentioribus
465 3087 586 3170 populis
621 3106 707 3153 sacra
742 3088 864 3170 publice
900 3088 980 3154 fiunt
1013 3089 1120 3154 scortis
1153 3089 1323 3154 meritoriis

210 3190 362 3271 quondam
384 3191 476 3272 atquo
490 3190 523 3254 in
538 3191 695 3275 uolgarem
710 3190 872 3257 libidinem
887 3192 1077 3275 prostitutis:
1099 3189 1203 3257 nullus
1217 3191 1325 3257 tumor

210 3291 429 3375 indignationis
451 3293 484 3358 in
505 3292 564 3358 diis
591 3293 647 3358 est.
684 3294 801 3376 templa
828 3293 960 3359 faelibus
987 3294 1137 3360 scarabeis
1165 3296 1196 3359 et
1222 3294 1325 3361 bueu-

245 3575 427 3649 lpropositus
445 3581 515 3636 Sub:
544 3582 687 3651 propositis
704 3583 731 3635 P
831 3557 908 3636 aliie
925 3583 986 3636 finis
1004 3584 1030 3637 P
1130 3586 1327 3653 prosternimur

211 3668 281 3724 Sub:
308 3667 500 3736 prosternimus
517 3668 545 3722 P
656 3668 797 3722 3oo¹¹latis
815 3670 843 3722 P
952 3668 1088 3737 praecibus
1105 3671 1133 3725 P
1242 3672 1327 3727 dau·

211 3753 271 3807 ditu
289 3754 344 3808 Sub
445 3753 581 3808 doomodi
598 3755 626 3809 P
639 3771 731 3810 eorrr
834 3753 1073 3809 'llibidinisdabr
1090 3755 1213 3810 libidines
1226 3758 1256 3811 P

212 3841 244 3894 12
261 3840 327 3894 iuris
349 3840 411 3895 seo.-
436 3841 489 3895 uiri
507 3841 535 3895 P
636 3841 835 3897 laurencius
853 3841 908 3897 Sob
1010 3841 1098 3909 Lares,
1115 3842 1180 3895 Aios
1197 3841 1327 3900 Locutios

216 3925 279 3980 ceo.-
308 3926 400 3983 laresa.
418 3927 511 3983 iaceos.
528 3927 653 3981 boeotius.
670 3930 695 3994 (e
711 3928 744 3982 ios
759 3929 845 3981 iaoeos
862 3942 897 3981 esc
914 3925 941 3994 f)
959 3927 987 3981 P
1008 3927 1096 3993 Lares,
1114 3928 1233 3993 Aiaceos,
1256 3929 1326 3986 Boo·

210 4014 264 4066 tios
277 4012 331 4067 Sub
426 4014 460 4068 14
477 4014 639 4069 Limentinos
655 4015 723 4069 Urs:
740 4013 885 4068 libertinos
896 4013 923 4067 P
1018 4015 1051 4069 16
1067 4013 1215 4068 tutamisna
1227 4015 1256 4069 P

211 4098 244 4152 18
265 4100 368 4152 statuas
385 4099 441 4154 Sub
572 4101 762 4170 ciuitatumquc
779 4101 807 4155 P
933 4100 1031 4169 genios,
1054 4101 1100 4169 qui
1118 4099 1188 4155 Sub:
1217 4102 1324 4170 geniosi

211 4184 235 4237 si
253 4185 281 4238 P
381 4185 494 4240 Pauores
511 4187 622 4255 scripsi:
650 4203 744 4257 pausos
762 4188 790 4241 P
817 4187 903 4240 Panas
925 4185 1045 4257 Guyetus
1146 4186 1179 4241 19
1195 4186 1324 4244 haebetes

211 4269 253 4338 (aa
270 4286 305 4325 ox
321 4271 345 4332 e)
364 4271 391 4324 P
490 4273 523 4325 21
539 4273 660 4328 haecine
677 4275 705 4329 P
806 4272 837 4327 27
856 4273 992 4342 uulgarem
1011 4273 1058 4341 (uu
1076 4288 1111 4326 ooo
1128 4274 1172 4340 no)
1191 4273 1219 4327 P
