2760 4808
178 345 221 414 64
488 346 632 403 Arnobii
649 347 816 404 aduersus
833 347 992 405 nationes

175 560 282 608 omnes
304 542 412 608 doctae
436 540 501 607 sint
521 559 619 624 neque
641 539 758 607 discere
780 558 885 606 omnes
913 539 1034 624 possint
1054 542 1086 606 et
1108 539 1174 606 sint
1195 539 1275 604 inlr

174 645 326 728 plurimae
347 643 499 712 acuminis
520 643 706 711 obtunsioris
721 645 752 708 et
773 644 861 710 bardi
884 645 915 709 et
936 645 975 709 ad
996 644 1136 710 discendi
1159 645 1275 711 studim

137 818 140 831 ..
174 749 336 836 plagarum
358 748 540 816 coercitione
562 749 718 834 cogantur.
741 747 850 831 quodsi
878 765 913 813 ea
935 766 1012 830 quae
1034 747 1183 835 discimus
1204 751 1275 815 remi

137 903 142 916 ⁷
174 854 340 920 niscentias
363 871 428 919 esse
450 852 618 935 constaret,
640 854 689 918 'ut
711 851 849 934 antiquis
876 851 1073 935 opinionibus
1101 854 1218 918 scitum
1240 855 1275 919 est

131 986 144 1030 a·
176 957 375 1024 conueniebat
397 976 451 1023 nos
473 974 577 1022 omnes
599 957 638 1022 ab
661 975 722 1022 una
744 956 877 1023 ueritate
899 956 1059 1022 uenientes
1081 975 1179 1020 unum
1208 974 1275 1022 noso

132 1091 145 1117 e
174 1081 331 1145 unumque
352 1060 524 1140 reminisci,
546 1077 606 1126 non
627 1061 739 1126 habere
767 1061 919 1137 diuersas,
941 1079 1002 1127 nou
1028 1059 1179 1144 plurimos
1203 1059 1275 1126 dissi*

175 1165 335 1248 dentisque
357 1165 541 1242 sententias;
563 1183 644 1230 nunc
664 1182 737 1230 uero
759 1184 830 1231 curn
853 1163 970 1248 singuli
992 1164 1079 1231 aliud
1101 1169 1197 1248 atque
1212 1164 1275 1230 aliu

173 1269 363 1349 adseramus,
385 1267 584 1334 manifestum
616 1270 648 1333 et
669 1269 846 1353 promptum
881 1268 1031 1335 estnihil
1064 1286 1119 1334 nos
1146 1267 1275 1333 adtuliss

174 1373 212 1439 de
223 1374 306 1439 caelo
327 1374 381 1439 sed
399 1373 449 1438 bic
467 1374 540 1438 nata
557 1372 713 1438 addiscere
724 1374 755 1438 et
766 1371 990 1455 suspicionibus
1002 1373 1115 1438 coalita
1131 1371 1275 1438 uindicare

125 1486 165 1546 2⁰
177 1479 208 1543 et
224 1478 259 1542 ut
274 1477 362 1544 uobis
378 1477 491 1543 clarius
505 1477 762 1560 manifestiusque
776 1478 992 1556 monstremus,
1009 1477 1097 1542 cuius
1119 1476 1162 1543 sit
1181 1475 1187 1562 Ι
1205 1475 1275 1558 preti

86 1567 281 1661 f·3⁷¹’'hem0‚
316 1601 407 1665 quem
430 1580 627 1647 simillimum
650 1581 775 1648 creditis
797 1581 952 1666 potentiae
974 1577 1137 1665 superioris
1160 1580 1275 1646 eristen

174 1684 323 1767 concipite
351 1686 463 1752 animis
486 1686 564 1752 hanc
594 1685 765 1772 imaginem
791 1686 904 1752 uestris
927 1686 973 1766 et,
997 1685 1078 1768 quod
1099 1684 1169 1750 fieri
1192 1684 1219 1750 si
1241 1684 1275 1750 ad

174 1789 349 1873 grediamur
371 1791 483 1873 potest,
517 1790 677 1872 tamquam
710 1791 736 1854 si
759 1789 857 1855 simus
890 1789 1042 1873 adgressi,
1077 1787 1275 1854 similitudini

174 1892 386 1975 adsumptione
414 1894 582 1960 teneamus.
604 1893 648 1959 sit
669 1893 767 1978 igitur
788 1893 876 1958 uobis
898 1894 1011 1959 tellure
1032 1893 1065 1958 in
1088 1892 1199 1959 effossa
1212 1892 1275 1957 locu

174 1995 353 2063 habitabilis
376 1997 507 2062 formam
522 1995 632 2063 cubilis
655 1996 800 2077 efficiens,
824 1997 905 2063 tecto
928 1998 960 2062 ot
978 1996 1148 2080 perietibus
1164 1998 1275 2067 clausu

94 2171 97 2176 ,
174 2119 235 2166 non
258 2099 381 2185 algidus
403 2101 437 2167 in
458 2100 587 2186 frigore,
620 2117 680 2167 non
701 2100 831 2167 feruoris
859 2101 950 2167 nimii
971 2101 1005 2167 in
1027 2103 1141 2183 calore,
1175 2103 1275 2169 sedit

172 2206 361 2286 temperatus
390 2206 421 2271 ct
449 2204 585 2284 medius,
614 2207 651 2271 ut
683 2223 737 2271 nec
765 2204 889 2290 frigoris
919 2224 1043 2272 sensum
1073 2224 1128 2273 nec
1157 2209 1275 2275 ardore]

174 2312 314 2377 ualidum
341 2309 550 2393 perpetiamur
571 2309 712 2376 aestatis.
743 2309 776 2374 in
804 2309 886 2376 hunc
908 2327 999 2376 sonus
1027 2311 1152 2376 omnino
1180 2311 1275 2377 nullis

173 2414 290 2480 incidat
313 2416 412 2492 uocis,
446 2431 508 2479 non
530 2413 611 2492 auis,
645 2431 706 2478 non
732 2414 865 2492 bestiae,
900 2432 959 2481 non
988 2415 1202 2500 tempestatis,
1239 2436 1275 2483 no

173 2516 318 2598 bominis,
341 2537 401 2584 non
423 2516 554 2599 denique
576 2517 706 2602 fragoris
729 2518 861 2585 alicuius
889 2520 945 2585 cut
973 2519 1185 2602 concrepantis
1207 2521 1275 2587 terr

174 2621 279 2687 biliter
300 2621 386 2688 caeli.
403 2621 607 2705 excogitemus
623 2622 732 2688 deinde
747 2622 1006 2706 quemadmodum
1026 2624 1131 2688 lumen
1148 2625 1275 2710 accipiat

173 2741 234 2790 non
256 2745 292 2790 ex
312 2726 411 2793 inlato
433 2725 499 2810 igni
513 2744 609 2809 neque
631 2744 666 2791 ex
688 2726 752 2793 sole
766 2731 926 2811 conspecto
955 2728 1009 2794 sed
1030 2729 1162 2794 nothum
1178 2730 1275 2814 aliqui

174 2828 239 2907 liat,
262 2829 342 2911 quod
376 2830 543 2912 imaginem
571 2829 701 2896 luminis
730 2830 863 2917 caligine
895 2832 1077 2916 interposita
1109 2834 1275 2900 mentiatur

173 2933 272 2998 mnne
286 2951 347 2998 non
368 2953 429 2998 una
458 2933 500 2998 sit
522 2952 578 2999 nec
599 2934 642 2999 sit
662 2935 808 3002 introitus
830 2936 945 3014 rectus,
980 2936 1108 3002 adeatur
1134 2936 1275 3004 inflexibi

172 3037 313 3104 flexuosis
342 3057 399 3104 nec
419 3039 595 3104 recludatur
618 3039 797 3122 aliquando,
830 3039 890 3104 nisi
917 3058 988 3106 cum
1015 3042 1186 3108 neccssaria
1218 3043 1276 3109 rati

126 3144 349 3228 tlpostulsrit.
373 3163 453 3211 nunc
476 3142 622 3226 quoniam
645 3142 775 3228 imagini
796 3145 1049 3227 praeparauimus
1071 3143 1191 3225 sedem,
1216 3147 1275 3213 acci

207 3473 221 3534 1
240 3472 345 3542 possint
354 3475 381 3528 et
394 3474 462 3530 Get:
480 3475 631 3544 possuntut
642 3475 789 3545 Ppossint‚
800 3491 860 3530 cum
879 3474 931 3530 Urs
1001 3472 1019 3529 2
1035 3474 1184 3531 eacumims
1196 3477 1224 3531 P

172 3560 246 3616 tardi
264 3561 319 3616 Sub
454 3561 671 3631 3quodsilGet:
688 3563 759 3632 quod
778 3566 805 3617 et
823 3561 847 3616 si
865 3561 893 3618 P
1028 3562 1181 3618 6diuersas
1199 3564 1227 3617 P

172 3645 397 3716 dissidentisquao
414 3648 442 3702 P
459 3663 522 3703 corr
539 3645 784 3718 dissidentesqnec
889 3649 1004 3704 9nctcs
1028 3649 1080 3705 Urs
1194 3648 1274 3707 discor

178 3733 231 3804 Urs
332 3734 367 3788 10
384 3735 483 3804 praetii
500 3735 527 3789 P
630 3736 663 3789 16
681 3734 789 3803 algidus
808 3737 837 3791 in
848 3752 872 3804 r,
890 3735 980 3791 Solm-
998 3735 1121 3806 algidum
1140 3736 1167 3790 P
1186 3736 1275 3806 algido

173 3821 229 3876 Sab
331 3821 411 3876 nimii
435 3822 502 3876 Urs:
520 3821 636 3877 nimium
653 3823 681 3877 P
697 3822 798 3876 nimius
820 3823 955 3879 Caratacus
1058 3822 1090 3876 17
1109 3822 1275 3892 trigorishia

162 3907 253 3968 ,malis
277 3907 330 3962 Urs
449 3907 481 3962 18
498 3908 664 3978 perpetiatur
683 3908 738 3963 Sub
857 3925 937 3964 sonus
956 3909 1027 3964 Sub.-
1052 3925 1146 3963 sonum
1164 3910 1192 3963 P

173 3993 206 4047 19
224 3993 326 4048 nostiae
344 3994 372 4048 P
385 4009 446 4049 coar
555 4011 609 4049 non
626 3995 794 4066 tempestatis
801 3995 956 4052 'delendam
974 3994 1085 4051 utdctm
1102 4011 1154 4049 non
1174 3995 1275 4052 homini

173 4095 225 4134 non
236 4079 405 4150 tempestatis
417 4081 560 4138 Macestus
669 4082 839 4151 tempestatis
853 4083 915 4150 Sub,
924 4097 956 4136 r:
974 4083 1148 4152 tempestates
1161 4082 1191 4136 P

172 4166 207 4220 22
224 4166 336 4221 nothum
354 4167 421 4223 Urs:
439 4170 534 4223 notum
552 4169 580 4223 P
679 4169 715 4225 24
731 4169 794 4239 non]
813 4168 890 4225 modo
902 4167 1019 4225 Ziatics
1121 4167 1166 4223 sed
1179 4167 1275 4226 adesto

178 4251 228 4306 Urs
329 4253 518 4311 inflexionibus
537 4256 591 4311 Sub
