2760 4808
206 309 250 373 40
360 289 364 295 ¹
508 303 652 360 Arnobii
674 303 832 359 aduersus
856 304 1014 358 nationes

205 500 245 544 an
278 479 397 544 hirsuta
413 470 494 543 'oum
527 476 692 558 asperitate
723 480 896 559 promatur,
936 474 1110 541 inflectatur
1138 476 1218 557 quod
1252 475 1324 541 acui

206 602 247 648 an
274 582 403 647 careatur
429 580 509 663 quod
541 578 701 663 oportebat
733 578 870 645 inflecti?
904 579 958 643 aut
986 579 1039 662 qui
1061 567 1163 643 minus
1185 579 1218 643 id
1241 580 1323 661 quod

207 685 322 750 dicitur
353 703 460 749 uerum
494 685 554 761 est,
588 683 615 749 si
647 684 680 747 in
708 688 847 748 numero
869 683 1010 767 peccetur
1042 685 1096 747 aut
1129 701 1201 748 casu
1231 701 1323 764 prae-

205 788 356 873 positione
391 786 552 871 participio
592 787 827 851 coniunctione?
862 805 975 869 pompa
1012 785 1073 851 ista
1112 785 1261 850 sermonis
1291 787 1324 851 et

204 891 302 956 oratio
335 891 431 955 missa
457 908 512 974 per
538 889 660 972 regulas
688 889 878 955 contionibus
905 890 1015 954 litibus
1041 889 1105 955 foro
1139 889 1325 972 iudiciisque
1348 913 1361 952 r

204 997 343 1060 seruetur
376 994 525 1075 deturque
557 992 622 1057 illis
648 993 759 1076 immo,
793 992 847 1075 qui
883 993 1080 1075 uoluptatum
1114 991 1325 1056 delenimenta

203 1097 384 1181 quaerentes
417 1115 507 1161 omne
521 1152 525 1160 ,
540 1115 631 1162 suum
664 1097 803 1161 studium
829 1097 993 1162 uerborum
1014 1097 1047 1161 in
1069 1096 1188 1161 lumina
1209 1096 1285 1160 cont
1307 1131 1324 1143 -

206 1201 317 1265 lerunt.
354 1219 426 1264 cum
448 1199 484 1263 de
514 1199 605 1263 rebus
627 1199 731 1282 agitur
753 1199 792 1264 ab
814 1200 1020 1265 ostentatione
1043 1199 1222 1279 summotis,
1247 1197 1325 1282 quid

202 1304 324 1369 dicatur
353 1304 555 1386 spectandum
583 1304 645 1381 est,
679 1320 739 1367 non
768 1303 852 1396 quali
881 1322 951 1368 cum
979 1303 1166 1369 amoenitate
1188 1302 1323 1382 dicatur,

204 1425 259 1471 nec
292 1406 366 1488 quid
399 1424 486 1472 aures
518 1407 739 1488 commulceat,
776 1407 829 1471 sed
862 1426 938 1489 quae
972 1406 1090 1472 adferat
1121 1405 1323 1471 audientibus
1333 1427 1359 1465 ro

204 1509 372 1588 utilitates,
405 1509 536 1575 maxime
569 1529 639 1574 cunr
667 1506 800 1575 sciamus
828 1512 922 1576 etiam
944 1511 1091 1592 quosdam
1114 1509 1324 1591 insapientia

204 1613 321 1678 deditos
349 1631 409 1677 non
430 1613 553 1677 tantum
581 1612 727 1679 abiecisse
754 1614 900 1679 sermonis
928 1614 1048 1678 cultum
1076 1631 1185 1677 uerum
1213 1612 1321 1691 etiam,

143 1730 145 1739 ⁴
198 1735 274 1781 cum
300 1719 423 1800 possent
451 1718 588 1781 ornatius
619 1718 710 1799 atque
733 1717 856 1781 uberius
884 1717 1001 1799 eloqui,
1036 1716 1193 1780 triuialem
1217 1714 1322 1780 studio

204 1819 413 1886 humilitatem
429 1826 557 1897 secutos,
573 1840 611 1886 ne
626 1823 858 1902 conrumperent
873 1821 992 1886 scilicet
1003 1819 1170 1904 grauitatis
1185 1819 1323 1902 rigorem

202 1926 234 1986 et
263 1923 430 2005 sophistica
459 1943 490 1989 se
516 1924 618 2013 potius
647 1925 848 1989 ostentatione
875 1925 1034 1989 iactarent.
1075 1924 1232 1989 enimuero
1254 1922 1354 1989 dis-re

203 2026 296 2091 soluti
318 2031 367 2092 est
387 2027 518 2110 pectoris
541 2027 573 2090 in
595 2026 685 2091 rebus
707 2027 795 2092 seriis
816 2045 959 2109 quaerere
980 2027 1172 2109 uoluptatem
1195 2028 1323 2091 etcum

202 2130 261 2194 tibi
289 2130 330 2194 sit
357 2131 436 2195 ratio
470 2148 540 2195 cum
572 2131 712 2194 maleae
739 2130 925 2195 habentibus
958 2133 1050 2213 atque
1076 2130 1193 2213 aegris,
1229 2147 1322 2194 sonos

133 2248 193 2302 aaa
203 2234 326 2300 auribus
347 2234 506 2300 infundere
521 2235 679 2310 dulciores,
703 2253 761 2298 non
784 2234 970 2299 medicinam
987 2232 992 2319 1
1010 2234 1191 2299 uulneribus
1213 2235 1322 2298 admo·

203 2356 282 2402 uere.
320 2356 506 2419 quamquam
528 2337 555 2402 ei
578 2343 701 2401 uerum¹
718 2341 851 2419 spectes,
884 2337 988 2401 nullus
1017 2355 1116 2401 sermo
1138 2338 1251 2401 natura
1273 2341 1322 2402 est

203 2441 336 2524 integer,
370 2442 500 2506 uitiosus
535 2441 681 2506 similiter
714 2441 828 2505 nullus
867 2460 1017 2523 quaenam
1051 2442 1098 2507 est
1125 2440 1210 2505 enim
1238 2442 1356 2506 rationo

127 2594 130 2599 .
201 2543 351 2608 naturdie
384 2546 437 2609 aut
469 2545 502 2609 in
532 2536 642 2609 mundi
675 2544 943 2610 const'tutionibus
958 2545 1020 2610 lex
1048 2546 1176 2627 scripta,
1210 2548 1245 2609 ut
1269 2545 1319 2610 hic

201 2647 300 2731 paries
330 2647 450 2711 dicatur
470 2652 502 2711 et
524 2647 598 2711 haec
619 2647 711 2725 sella,
744 2667 814 2712 cum
842 2667 939 2730 neque
961 2666 1049 2712 sexus
1071 2649 1204 2713 habeant
1226 2647 1318 2713 femi-

201 2751 283 2814 ninis
305 2751 465 2834 generibus
480 2750 718 2833 masculinisque
741 2751 887 2815 discretos
910 2770 1008 2832 neque
1033 2753 1196 2834 quisquam
1211 2752 1320 2816 docere

201 2854 397 2920 doctissimus
425 2874 475 2919 me
502 2855 600 2936 possit
628 2854 730 2937 ipsum
751 2854 802 2919 hio
823 2858 855 2918 et
877 2855 951 2919 haec
984 2854 1059 2937 quid
1090 2855 1154 2918 sint
1187 2857 1320 2919 auteur

199 2977 236 3023 er
257 2958 306 3022 his
328 2978 423 3023 unum
447 2977 551 3023 sexum
578 2959 702 3022 uirilem
729 2958 882 3042 designet,
916 2957 1072 3023 femininis
1101 2957 1263 3041 generibus
1284 2957 1355 3024 idea

199 3061 281 3142 quod
314 3062 453 3143 sequitur
485 3061 666 3144 adplicetur.
702 3060 838 3125 humana
870 3061 933 3125 ista
965 3065 1037 3126 sunt
1070 3060 1186 3143 placita
1218 3063 1250 3124 et
1278 3061 1320 3124 ad

201 3183 291 3228 usum
313 3166 459 3229 sermons
482 3163 610 3228 faciendi
632 3182 692 3229 non
712 3183 792 3228 sane.
806 3164 946 3229 omnibus
973 3165 1156 3229 necessaria:
1191 3181 1264 3228 narn
1286 3168 1320 3230 et

200 3266 274 3330 haec
300 3269 400 3349 paries
427 3266 558 3332 forsitan
587 3270 618 3332 et
639 3267 690 3331 hio
720 3267 798 3332 sella
827 3267 889 3331 dici
911 3268 977 3332 eine
999 3269 1064 3332 ulla
1085 3266 1321 3350 reprehensione

200 3369 385 3451 potuissent,
419 3371 446 3433 si
473 3371 510 3435 ab
539 3369 629 3435 initio
662 3371 705 3436 sic
738 3372 811 3436 dici·
832 3371 997 3452 placuisset
1025 3375 1056 3436 et
1079 3366 1097 3437 a'
1119 3370 1318 3453 sequentibus
1364 3358 1366 3369 ἱ

232 3710 439 3779 diudiciisquae
457 3712 485 3764 P
501 3726 561 3765 corr
674 3710 854 3780 6deturquae
872 3712 900 3765 P
916 3727 978 3766 corr
1096 3711 1239 3780 deturque:
1257 3711 1317 3767 illis

198 3797 279 3851 immo
291 3797 506 3852 Elmeohoretiae
593 3796 769 3863 delinimenta
784 3797 843 3862 Get,
856 3813 885 3850 r:
904 3797 1132 3855 deliniamentaP
1218 3798 1317 3866 lque-

198 3886 285 3938 rentes
303 3885 331 3937 P
431 3900 508 3938 omne
525 3900 602 3937 suum
623 3884 679 3952 Get,
698 3899 726 3937 r:
753 3898 842 3936 omnes
860 3899 942 3937 unum
955 3883 982 3937 P
1083 3884 1116 3936 11
1134 3884 1162 3937 in
1180 3883 1316 3952 sapientia

198 3968 432 4024 Hildahraado'ua:
450 3969 621 4038 sapientiaP
637 3969 808 4038 sapientiaer
911 3969 944 4026 13
961 3969 1082 4023 ornatius
1100 3969 1143 4030 P¹
1201 3968 1318 4038 *adque

199 4055 226 4107 P
242 4071 305 4110 corr
413 4056 548 4111 tribialem
566 4057 593 4110 P
704 4051 925 4124 mopsistiae
946 4056 974 4109 P
1075 4055 1145 4109 euim
1163 4068 1226 4109 uero
1244 4055 1317 4110 Sabe

197 4140 297 4194 etenim
315 4157 378 4195 uera
395 4143 422 4196 P
523 4143 556 4195 19
573 4142 605 4196 ic
620 4149 713 4212 ηιρφ
813 4141 848 4194 25
867 4141 904 4194 11is
922 4142 950 4195 P
1050 4139 1317 4195 111111118αὸτηὶ-

195 4225 246 4280 rile
265 4228 291 4281 P
391 4229 424 4281 26
442 4227 556 4297 applicet
575 4229 629 4282 Sub
733 4228 766 4280 29
784 4227 916 4296 potuisset
934 4227 990 4282 Sola
