<?xml version="1.0" encoding="UTF-8"?>
<!DOCTYPE html PUBLIC "-//W3C//DTD XHTML 1.0 Transitional//EN"
    "http://www.w3.org/TR/xhtml1/DTD/xhtml1-transitional.dtd">
<html xmlns="http://www.w3.org/1999/xhtml" xml:lang="en" lang="en">
 <head>
  <title>
</title>
<meta http-equiv="Content-Type" content="text/html;charset=utf-8" />
  <meta name='ocr-system' content='tesseract 3.04.00' />
  <meta name='ocr-capabilities' content='ocr_page ocr_carea ocr_par ocr_line ocrx_word'/>
</head>
<body>
  <div class='ocr_page' id='page_1' title='image "arnobiiadversvs00reifgoog_0014.png"; bbox 0 0 2760 4808; ppageno 0'>
   <div class='ocr_carea' id='block_1_1' title="bbox 415 983 878 1096">
    <p class='ocr_par' dir='ltr' id='par_1_1' title="bbox 415 983 878 1096">
     <span class='ocr_line' id='line_1_1' title="bbox 415 983 878 1096; baseline 0.004 -2"><span class='ocrx_word' id='word_1_1' title='bbox 415 983 878 1096; x_wconf 78' lang='lat' dir='ltr'><strong>PRAEFATIO</strong></span> 
     </span>
    </p>
   </div>
   <div class='ocr_carea' id='block_1_2' title="bbox 182 1196 1197 1308">
    <p class='ocr_par' dir='ltr' id='par_1_2' title="bbox 182 1196 1197 1308">
     <span class='ocr_line' id='line_1_2' title="bbox 182 1196 1197 1308; baseline 0.001 -18"><span class='ocrx_word' id='word_1_2' title='bbox 182 1196 323 1290; x_wconf 79' lang='lat' dir='ltr'>Arnobii</span> <span class='ocrx_word' id='word_1_3' title='bbox 338 1225 488 1288; x_wconf 88' lang='lat' dir='ltr'>aduersus</span> <span class='ocrx_word' id='word_1_4' title='bbox 503 1224 643 1289; x_wconf 88' lang='lat' dir='ltr'>nationes</span> <span class='ocrx_word' id='word_1_5' title='bbox 658 1226 738 1304; x_wconf 85' lang='lat' dir='ltr'>libri,</span> <span class='ocrx_word' id='word_1_6' title='bbox 755 1243 831 1308; x_wconf 93' lang='lat' dir='ltr'>quos</span> <span class='ocrx_word' id='word_1_7' title='bbox 846 1225 1055 1308; x_wconf 81' lang='lat' dir='ltr'><strong>Hieronymus</strong></span> <span class='ocrx_word' id='word_1_8' title='bbox 1070 1226 1104 1290; x_wconf 92' lang='lat' dir='ltr'>in</span> <span class='ocrx_word' id='word_1_9' title='bbox 1118 1224 1197 1292; x_wconf 87' lang='lat' dir='ltr'>libro</span> 
     </span>
    </p>
   </div>
   <div class='ocr_carea' id='block_1_3' title="bbox 10 1334 1273 4410">
    <p class='ocr_par' dir='ltr' id='par_1_3' title="bbox 10 1334 1273 4410">
     <span class='ocr_line' id='line_1_3' title="bbox 85 1334 1198 1419; baseline 0.005 -22"><span class='ocrx_word' id='word_1_10' title='bbox 85 1334 217 1400; x_wconf 89' lang='lat' dir='ltr'>uirorum</span> <span class='ocrx_word' id='word_1_11' title='bbox 239 1335 422 1400; x_wconf 78' lang='lat' dir='ltr'>inlustrium</span> <span class='ocrx_word' id='word_1_12' title='bbox 444 1355 469 1401; x_wconf 91' lang='lat' dir='ltr'>c.</span> <span class='ocrx_word' id='word_1_13' title='bbox 494 1338 534 1401; x_wconf 79' lang='lat'>79</span> <span class='ocrx_word' id='word_1_14' title='bbox 556 1356 611 1402; x_wconf 87' lang='lat' dir='ltr'>sua</span> <span class='ocrx_word' id='word_1_15' title='bbox 635 1337 738 1401; x_wconf 91' lang='lat' dir='ltr'>aetate</span> <span class='ocrx_word' id='word_1_16' title='bbox 761 1337 855 1419; x_wconf 82' lang='lat' dir='ltr'>uulgo</span> <span class='ocrx_word' id='word_1_17' title='bbox 877 1340 982 1402; x_wconf 80' lang='lat' dir='ltr'><strong>extare</strong></span> <span class='ocrx_word' id='word_1_18' title='bbox 997 1337 1084 1416; x_wconf 91' lang='lat' dir='ltr'>dicit,</span> <span class='ocrx_word' id='word_1_19' title='bbox 1107 1337 1198 1403; x_wconf 90' lang='lat' dir='ltr'>hodie</span> 
     </span>
     <span class='ocr_line' id='line_1_4' title="bbox 84 1436 1199 1524; baseline 0.004 -24"><span class='ocrx_word' id='word_1_20' title='bbox 84 1436 198 1502; x_wconf 90' lang='lat' dir='ltr'>inuno</span> <span class='ocrx_word' id='word_1_21' title='bbox 229 1439 357 1520; x_wconf 89' lang='lat' dir='ltr'>antiquo</span> <span class='ocrx_word' id='word_1_22' title='bbox 390 1438 495 1504; x_wconf 90' lang='lat' dir='ltr'>codice</span> <span class='ocrx_word' id='word_1_23' title='bbox 523 1440 686 1524; x_wconf 85' lang='lat' dir='ltr'>leguntur,</span> <span class='ocrx_word' id='word_1_24' title='bbox 716 1441 769 1523; x_wconf 90' lang='lat' dir='ltr'>qui</span> <span class='ocrx_word' id='word_1_25' title='bbox 799 1442 833 1506; x_wconf 90' lang='grc'>11</span> <span class='ocrx_word' id='word_1_26' title='bbox 854 1440 1041 1506; x_wconf 80' lang='lat' dir='ltr'>bibliotheca</span> <span class='ocrx_word' id='word_1_27' title='bbox 1062 1441 1199 1521; x_wconf 83' lang='lat' dir='ltr'>maxima</span> 
     </span>
     <span class='ocr_line' id='line_1_5' title="bbox 84 1536 1198 1626; baseline 0.007 -25"><span class='ocrx_word' id='word_1_28' title='bbox 84 1536 247 1606; x_wconf 88' lang='lat' dir='ltr'>Parisiensi</span> <span class='ocrx_word' id='word_1_29' title='bbox 270 1542 452 1606; x_wconf 87' lang='lat' dir='ltr'>adseruatur</span> <span class='ocrx_word' id='word_1_30' title='bbox 474 1560 602 1606; x_wconf 90' lang='lat' dir='ltr'>numero</span> <span class='ocrx_word' id='word_1_31' title='bbox 624 1544 766 1626; x_wconf 83' lang='lat' dir='ltr'>signatus</span> <span class='ocrx_word' id='word_1_32' title='bbox 790 1543 884 1610; x_wconf 87' lang='grc'><strong>1661.</strong></span> <span class='ocrx_word' id='word_1_33' title='bbox 907 1543 1009 1608; x_wconf 91' lang='lat' dir='ltr'>eidem</span> <span class='ocrx_word' id='word_1_34' title='bbox 1031 1544 1091 1608; x_wconf 90' lang='lat' dir='ltr'>soli</span> <span class='ocrx_word' id='word_1_35' title='bbox 1107 1544 1198 1609; x_wconf 92' lang='lat' dir='ltr'>debe·</span> 
     </span>
     <span class='ocr_line' id='line_1_6' title="bbox 84 1643 1197 1730; baseline 0.005 -25"><span class='ocrx_word' id='word_1_36' title='bbox 84 1660 146 1708; x_wconf 91' lang='lat' dir='ltr'>mus</span> <span class='ocrx_word' id='word_1_37' title='bbox 169 1643 302 1709; x_wconf 79' lang='lat' dir='ltr'>Minucii</span> <span class='ocrx_word' id='word_1_38' title='bbox 324 1645 438 1711; x_wconf 79' lang='lat' dir='ltr'>Felicis</span> <span class='ocrx_word' id='word_1_39' title='bbox 463 1643 642 1726; x_wconf 90' lang='lat' dir='ltr'>Octauium,</span> <span class='ocrx_word' id='word_1_40' title='bbox 673 1648 726 1730; x_wconf 92' lang='lat' dir='ltr'>qui</span> <span class='ocrx_word' id='word_1_41' title='bbox 753 1650 872 1729; x_wconf 88' lang='lat' dir='ltr'>septem</span> <span class='ocrx_word' id='word_1_42' title='bbox 893 1645 1027 1711; x_wconf 85' lang='lat' dir='ltr'>Arnobii</span> <span class='ocrx_word' id='word_1_43' title='bbox 1049 1645 1139 1711; x_wconf 90' lang='lat' dir='ltr'>libris</span> <span class='ocrx_word' id='word_1_44' title='bbox 1161 1650 1197 1711; x_wconf 87' lang='lat' dir='ltr'>ut</span> 
     </span>
     <span class='ocr_line' id='line_1_7' title="bbox 87 1747 1194 1832; baseline 0.008 -26"><span class='ocrx_word' id='word_1_45' title='bbox 87 1747 205 1812; x_wconf 91' lang='lat' dir='ltr'>octauus</span> <span class='ocrx_word' id='word_1_46' title='bbox 228 1747 307 1814; x_wconf 87' lang='lat' dir='ltr'>liber</span> <span class='ocrx_word' id='word_1_47' title='bbox 329 1748 453 1814; x_wconf 90' lang='lat' dir='ltr'>additus</span> <span class='ocrx_word' id='word_1_48' title='bbox 477 1752 534 1814; x_wconf 89' lang='lat' dir='ltr'>est.</span> <span class='ocrx_word' id='word_1_49' title='bbox 559 1749 644 1813; x_wconf 85' lang='lat' dir='ltr'>serto</span> <span class='ocrx_word' id='word_1_50' title='bbox 667 1749 786 1814; x_wconf 92' lang='lat' dir='ltr'>decimo</span> <span class='ocrx_word' id='word_1_51' title='bbox 814 1750 938 1815; x_wconf 87' lang='lat' dir='ltr'>saeculo</span> <span class='ocrx_word' id='word_1_52' title='bbox 960 1750 1055 1815; x_wconf 85' lang='lat' dir='ltr'>codex</span> <span class='ocrx_word' id='word_1_53' title='bbox 1076 1749 1194 1832; x_wconf 86' lang='lat' dir='ltr'>Rornae</span> 
     </span>
     <span class='ocr_line' id='line_1_8' title="bbox 87 1845 1196 1933; baseline 0.005 -19"><span class='ocrx_word' id='word_1_54' title='bbox 87 1845 152 1933; x_wconf 80' lang='lat' dir='ltr'>fuit,</span> <span class='ocrx_word' id='word_1_55' title='bbox 188 1849 244 1915; x_wconf 92' lang='lat' dir='ltr'>ubi</span> <span class='ocrx_word' id='word_1_56' title='bbox 270 1852 404 1917; x_wconf 80' lang='lat' dir='ltr'>Faustus</span> <span class='ocrx_word' id='word_1_57' title='bbox 432 1850 568 1918; x_wconf 83' lang='lat' dir='ltr'>Sabaeos</span> <span class='ocrx_word' id='word_1_58' title='bbox 596 1853 760 1917; x_wconf 83' lang='lat' dir='ltr'>Brixianus</span> <span class='ocrx_word' id='word_1_59' title='bbox 787 1852 997 1920; x_wconf 86' lang='lat' dir='ltr'>bibliothecae</span> <span class='ocrx_word' id='word_1_60' title='bbox 1024 1852 1196 1919; x_wconf 85' lang='lat' dir='ltr'>Vaticanae</span> 
     </span>
     <span class='ocr_line' id='line_1_9' title="bbox 88 1953 1199 2039; baseline 0.007 -26"><span class='ocrx_word' id='word_1_61' title='bbox 88 1954 180 2018; x_wconf 89' lang='lat' dir='ltr'>custos</span> <span class='ocrx_word' id='word_1_62' title='bbox 204 1971 285 2018; x_wconf 92' lang='lat' dir='ltr'>anno</span> <span class='ocrx_word' id='word_1_63' title='bbox 310 1953 393 2019; x_wconf 80' lang='lat'>1543</span> <span class='ocrx_word' id='word_1_64' title='bbox 416 1974 451 2019; x_wconf 84' lang='lat' dir='ltr'>er</span> <span class='ocrx_word' id='word_1_65' title='bbox 474 1973 508 2020; x_wconf 89' lang='lat' dir='ltr'>ao</span> <span class='ocrx_word' id='word_1_66' title='bbox 531 1956 650 2039; x_wconf 90' lang='lat' dir='ltr'>primus</span> <span class='ocrx_word' id='word_1_67' title='bbox 666 1955 841 2020; x_wconf 86' lang='lat' dir='ltr'>Arnobium</span> <span class='ocrx_word' id='word_1_68' title='bbox 864 1956 970 2021; x_wconf 82' lang='lat' dir='ltr'>edidit.</span> <span class='ocrx_word' id='word_1_69' title='bbox 994 1974 1093 2036; x_wconf 90' lang='lat' dir='ltr'>neque</span> <span class='ocrx_word' id='word_1_70' title='bbox 1117 1957 1199 2021; x_wconf 89' lang='grc'><strong>11111</strong></span> 
     </span>
     <span class='ocr_line' id='line_1_10' title="bbox 85 2052 1198 2141; baseline 0.006 -26"><span class='ocrx_word' id='word_1_71' title='bbox 85 2052 173 2121; x_wconf 85' lang='lat' dir='ltr'>alium</span> <span class='ocrx_word' id='word_1_72' title='bbox 200 2056 319 2122; x_wconf 91' lang='lat' dir='ltr'>librum</span> <span class='ocrx_word' id='word_1_73' title='bbox 348 2056 501 2123; x_wconf 81' lang='lat' dir='ltr'>Sabaeum</span> <span class='ocrx_word' id='word_1_74' title='bbox 529 2058 721 2139; x_wconf 82' lang='lat' dir='ltr'>adhibuisse,</span> <span class='ocrx_word' id='word_1_75' title='bbox 745 2062 781 2124; x_wconf 94' lang='lat' dir='ltr'>ut</span> <span class='ocrx_word' id='word_1_76' title='bbox 802 2059 946 2124; x_wconf 83' lang='lat' dir='ltr'>nonnulli</span> <span class='ocrx_word' id='word_1_77' title='bbox 973 2058 1093 2141; x_wconf 92' lang='lat' dir='ltr'>opinati</span> <span class='ocrx_word' id='word_1_78' title='bbox 1115 2060 1198 2134; x_wconf 91' lang='lat' dir='ltr'>sunt,</span> 
     </span>
     <span class='ocr_line' id='line_1_11' title="bbox 83 2152 1199 2244; baseline 0 -20"><span class='ocrx_word' id='word_1_79' title='bbox 83 2152 168 2225; x_wconf 76' lang='lat' dir='ltr'>suile</span> <span class='ocrx_word' id='word_1_80' title='bbox 182 2161 356 2244; x_wconf 83' lang='lat' dir='ltr'>intelleget,</span> <span class='ocrx_word' id='word_1_81' title='bbox 380 2162 432 2242; x_wconf 91' lang='lat' dir='ltr'>qui</span> <span class='ocrx_word' id='word_1_82' title='bbox 448 2161 616 2226; x_wconf 79' lang='lat' dir='ltr'>editionem</span> <span class='ocrx_word' id='word_1_83' title='bbox 631 2181 703 2227; x_wconf 91' lang='lat' dir='ltr'>cum</span> <span class='ocrx_word' id='word_1_84' title='bbox 718 2162 822 2227; x_wconf 91' lang='lat' dir='ltr'>codice</span> <span class='ocrx_word' id='word_1_85' title='bbox 838 2160 1070 2243; x_wconf 85' lang='lat' dir='ltr'>conparauerit:</span> <span class='ocrx_word' id='word_1_86' title='bbox 1093 2163 1199 2226; x_wconf 89' lang='lat' dir='ltr'>tamen</span> 
     </span>
     <span class='ocr_line' id='line_1_12' title="bbox 80 2263 1198 2331; baseline 0.004 -8"><span class='ocrx_word' id='word_1_87' title='bbox 80 2263 108 2323; x_wconf 85' lang='lat' dir='ltr'>u</span> <span class='ocrx_word' id='word_1_88' title='bbox 132 2263 237 2329; x_wconf 88' lang='lat' dir='ltr'>cuiuis</span> <span class='ocrx_word' id='word_1_89' title='bbox 259 2282 314 2328; x_wconf 89' lang='lat' dir='ltr'>suo</span> <span class='ocrx_word' id='word_1_90' title='bbox 337 2264 451 2329; x_wconf 91' lang='lat' dir='ltr'>iudicio</span> <span class='ocrx_word' id='word_1_91' title='bbox 466 2264 514 2329; x_wconf 91' lang='lat' dir='ltr'>uti</span> <span class='ocrx_word' id='word_1_92' title='bbox 528 2265 637 2329; x_wconf 88' lang='lat' dir='ltr'>liceret</span> <span class='ocrx_word' id='word_1_93' title='bbox 653 2283 759 2329; x_wconf 88' lang='lat' dir='ltr'>omnes</span> <span class='ocrx_word' id='word_1_94' title='bbox 775 2263 883 2331; x_wconf 85' lang='lat' dir='ltr'>Sabaei</span> <span class='ocrx_word' id='word_1_95' title='bbox 897 2263 1047 2329; x_wconf 89' lang='lat' dir='ltr'>lectiones</span> <span class='ocrx_word' id='word_1_96' title='bbox 1063 2264 1096 2328; x_wconf 94' lang='grc'>11</span> <span class='ocrx_word' id='word_1_97' title='bbox 1112 2280 1198 2328; x_wconf 91' lang='lat' dir='ltr'>com·</span> 
     </span>
     <span class='ocr_line' id='line_1_13' title="bbox 72 2367 1197 2452; baseline 0.002 -24"><span class='ocrx_word' id='word_1_98' title='bbox 72 2367 229 2432; x_wconf 79' lang='lat' dir='ltr'>mortario</span> <span class='ocrx_word' id='word_1_99' title='bbox 252 2367 359 2432; x_wconf 88' lang='lat' dir='ltr'>critico</span> <span class='ocrx_word' id='word_1_100' title='bbox 376 2367 543 2452; x_wconf 83' lang='lat' dir='ltr'>diligenter</span> <span class='ocrx_word' id='word_1_101' title='bbox 558 2369 705 2433; x_wconf 89' lang='lat' dir='ltr'>adnotaui</span> <span class='ocrx_word' id='word_1_102' title='bbox 718 2371 840 2450; x_wconf 87' lang='lat' dir='ltr'>praeter</span> <span class='ocrx_word' id='word_1_103' title='bbox 855 2367 1094 2451; x_wconf 81' lang='lat' dir='ltr'>orthographica</span> <span class='ocrx_word' id='word_1_104' title='bbox 1108 2384 1197 2431; x_wconf 89' lang='lat' dir='ltr'>men·</span> 
     </span>
     <span class='ocr_line' id='line_1_14' title="bbox 69 2460 1199 2555; baseline 0 -19"><span class='ocrx_word' id='word_1_105' title='bbox 69 2460 192 2552; x_wconf 78' lang='lat' dir='ltr'>dasque</span> <span class='ocrx_word' id='word_1_106' title='bbox 221 2471 456 2554; x_wconf 84' lang='lat' dir='ltr'>typothetarum</span> <span class='ocrx_word' id='word_1_107' title='bbox 485 2472 769 2545; x_wconf 71' lang='lat' dir='ltr'>manifestissimae</span> <span class='ocrx_word' id='word_1_108' title='bbox 799 2471 972 2555; x_wconf 90' lang='lat' dir='ltr'>possedisse</span> <span class='ocrx_word' id='word_1_109' title='bbox 1000 2489 1074 2535; x_wconf 88' lang='lat' dir='ltr'>uero</span> <span class='ocrx_word' id='word_1_110' title='bbox 1095 2470 1199 2553; x_wconf 89' lang='lat' dir='ltr'>ipsum</span> 
     </span>
     <span class='ocr_line' id='line_1_15' title="bbox 64 2561 1197 2640; baseline 0.002 -3"><span class='ocrx_word' id='word_1_111' title='bbox 64 2561 232 2637; x_wconf 78' lang='lat' dir='ltr'>Sabaeum</span> <span class='ocrx_word' id='word_1_112' title='bbox 254 2574 392 2638; x_wconf 90' lang='lat' dir='ltr'>codicem</span> <span class='ocrx_word' id='word_1_113' title='bbox 413 2593 470 2639; x_wconf 91' lang='lat' dir='ltr'>nec</span> <span class='ocrx_word' id='word_1_114' title='bbox 484 2573 581 2640; x_wconf 89' lang='lat' dir='ltr'>fuisse</span> <span class='ocrx_word' id='word_1_115' title='bbox 597 2593 669 2640; x_wconf 91' lang='lat' dir='ltr'>eum</span> <span class='ocrx_word' id='word_1_116' title='bbox 684 2576 718 2639; x_wconf 92' lang='lat' dir='ltr'>in</span> <span class='ocrx_word' id='word_1_117' title='bbox 732 2574 925 2640; x_wconf 87' lang='lat' dir='ltr'>bibliotheca</span> <span class='ocrx_word' id='word_1_118' title='bbox 939 2574 1096 2640; x_wconf 84' lang='lat' dir='ltr'>Vaticana</span> <span class='ocrx_word' id='word_1_119' title='bbox 1109 2574 1197 2639; x_wconf 86' lang='lat' dir='ltr'>illius</span> 
     </span>
     <span class='ocr_line' id='line_1_16' title="bbox 61 2672 1199 2758; baseline 0.005 -22"><span class='ocrx_word' id='word_1_120' title='bbox 61 2675 181 2742; x_wconf 79' lang='lat' dir='ltr'>uerbis</span> <span class='ocrx_word' id='word_1_121' title='bbox 204 2677 237 2740; x_wconf 93' lang='grc'>11</span> <span class='ocrx_word' id='word_1_122' title='bbox 260 2676 451 2758; x_wconf 88' lang='lat' dir='ltr'>praefatione</span> <span class='ocrx_word' id='word_1_123' title='bbox 474 2678 621 2743; x_wconf 87' lang='lat' dir='ltr'>docemur</span> <span class='ocrx_word' id='word_1_124' title='bbox 643 2672 721 2742; x_wconf 85' lang='lat' dir='ltr'>‘iure</span> <span class='ocrx_word' id='word_1_125' title='bbox 750 2680 834 2742; x_wconf 91' lang='lat' dir='ltr'>enim</span> <span class='ocrx_word' id='word_1_126' title='bbox 861 2678 1044 2745; x_wconf 87' lang='lat' dir='ltr'>bellimons</span> <span class='ocrx_word' id='word_1_127' title='bbox 1068 2675 1199 2742; x_wconf 73' lang='grc'><strong>11111-</strong></span> 
     </span>
     <span class='ocr_line' id='line_1_17' title="bbox 60 2779 1200 2862; baseline 0.003 -21"><span class='ocrx_word' id='word_1_128' title='bbox 60 2782 205 2858; x_wconf 80' lang='lat' dir='ltr'>nobius‚</span> <span class='ocrx_word' id='word_1_129' title='bbox 233 2799 326 2862; x_wconf 91' lang='lat' dir='ltr'>quem</span> <span class='ocrx_word' id='word_1_130' title='bbox 353 2800 369 2844; x_wconf 95' lang='lat' dir='ltr'>e</span> <span class='ocrx_word' id='word_1_131' title='bbox 391 2780 496 2846; x_wconf 88' lang='lat' dir='ltr'>media</span> <span class='ocrx_word' id='word_1_132' title='bbox 517 2781 658 2847; x_wconf 89' lang='lat' dir='ltr'>barbarie</span> <span class='ocrx_word' id='word_1_133' title='bbox 682 2799 744 2845; x_wconf 93' lang='lat' dir='ltr'>non</span> <span class='ocrx_word' id='word_1_134' title='bbox 766 2782 833 2845; x_wconf 91' lang='lat' dir='ltr'>sine</span> <span class='ocrx_word' id='word_1_135' title='bbox 855 2780 1014 2862; x_wconf 88' lang='lat' dir='ltr'>dispendio</span> <span class='ocrx_word' id='word_1_136' title='bbox 1038 2781 1069 2844; x_wconf 90' lang='lat' dir='ltr'>at</span> <span class='ocrx_word' id='word_1_137' title='bbox 1091 2779 1200 2845; x_wconf 79' lang='grc'><strong>1111111-</strong></span> 
     </span>
     <span class='ocr_line' id='line_1_18' title="bbox 60 2871 1200 2966; baseline 0 -20"><span class='ocrx_word' id='word_1_138' title='bbox 60 2882 164 2947; x_wconf 78' lang='lat' dir='ltr'>mine</span> <span class='ocrx_word' id='word_1_139' title='bbox 196 2871 383 2966; x_wconf 88' lang='lat' dir='ltr'>eripuerim&#39;.</span> <span class='ocrx_word' id='word_1_140' title='bbox 407 2902 486 2965; x_wconf 89' lang='lat' dir='ltr'>quac</span> <span class='ocrx_word' id='word_1_141' title='bbox 514 2885 540 2948; x_wconf 90' lang='lat' dir='ltr'>si</span> <span class='ocrx_word' id='word_1_142' title='bbox 572 2887 657 2950; x_wconf 90' lang='lat' dir='ltr'>recte</span> <span class='ocrx_word' id='word_1_143' title='bbox 687 2885 884 2966; x_wconf 90' lang='lat' dir='ltr'>interpretor,</span> <span class='ocrx_word' id='word_1_144' title='bbox 907 2882 1083 2948; x_wconf 88' lang='lat' dir='ltr'>Arnobium</span> <span class='ocrx_word' id='word_1_145' title='bbox 1108 2901 1200 2947; x_wconf 90' lang='lat' dir='ltr'>suum</span> 
     </span>
     <span class='ocr_line' id='line_1_19' title="bbox 60 2979 1199 3070; baseline 0.004 -26"><span class='ocrx_word' id='word_1_146' title='bbox 60 2979 107 3049; x_wconf 88' lang='lat' dir='ltr'>in</span> <span class='ocrx_word' id='word_1_147' title='bbox 144 2985 337 3051; x_wconf 85' lang='lat' dir='ltr'>bibhotheca</span> <span class='ocrx_word' id='word_1_148' title='bbox 364 2986 531 3052; x_wconf 78' lang='lat' dir='ltr'>Helvetios</span> <span class='ocrx_word' id='word_1_149' title='bbox 564 2991 619 3053; x_wconf 88' lang='lat' dir='ltr'>aut</span> <span class='ocrx_word' id='word_1_150' title='bbox 645 2989 832 3055; x_wconf 85' lang='lat' dir='ltr'>Germaniae</span> <span class='ocrx_word' id='word_1_151' title='bbox 866 2989 1060 3070; x_wconf 87' lang='lat' dir='ltr'>reppererat:</span> <span class='ocrx_word' id='word_1_152' title='bbox 1088 3003 1199 3067; x_wconf 89' lang='lat' dir='ltr'>nempe</span> 
     </span>
     <span class='ocr_line' id='line_1_20' title="bbox 65 3089 1199 3172; baseline 0.003 -23"><span class='ocrx_word' id='word_1_153' title='bbox 65 3091 248 3153; x_wconf 78' lang='lat' dir='ltr'>cauendum</span> <span class='ocrx_word' id='word_1_154' title='bbox 271 3091 326 3168; x_wconf 91' lang='lat' dir='ltr'>est,</span> <span class='ocrx_word' id='word_1_155' title='bbox 349 3106 388 3152; x_wconf 93' lang='lat' dir='ltr'>ne</span> <span class='ocrx_word' id='word_1_156' title='bbox 411 3089 562 3155; x_wconf 86' lang='lat' dir='ltr'>Sabaeum</span> <span class='ocrx_word' id='word_1_157' title='bbox 585 3090 767 3172; x_wconf 90' lang='lat' dir='ltr'>metaphora</span> <span class='ocrx_word' id='word_1_158' title='bbox 788 3089 951 3156; x_wconf 87' lang='lat' dir='ltr'>audaciore</span> <span class='ocrx_word' id='word_1_159' title='bbox 966 3108 1056 3154; x_wconf 89' lang='lat' dir='ltr'>usum</span> <span class='ocrx_word' id='word_1_160' title='bbox 1070 3106 1199 3172; x_wconf 80' lang='lat' dir='ltr'>magnos</span> 
     </span>
     <span class='ocr_line' id='line_1_21' title="bbox 69 3191 1199 3275; baseline 0.001 -21"><span class='ocrx_word' id='word_1_161' title='bbox 69 3192 263 3257; x_wconf 83' lang='lat' dir='ltr'>emendandi</span> <span class='ocrx_word' id='word_1_162' title='bbox 284 3191 407 3256; x_wconf 91' lang='lat' dir='ltr'>labores</span> <span class='ocrx_word' id='word_1_163' title='bbox 430 3191 606 3275; x_wconf 85' lang='lat' dir='ltr'>significare</span> <span class='ocrx_word' id='word_1_164' title='bbox 619 3195 774 3274; x_wconf 74' lang='lat' dir='ltr'>putemus</span> <span class='ocrx_word' id='word_1_165' title='bbox 798 3212 868 3257; x_wconf 89' lang='lat' dir='ltr'>curn</span> <span class='ocrx_word' id='word_1_166' title='bbox 885 3194 950 3275; x_wconf 87' lang='lat' dir='ltr'>ipse</span> <span class='ocrx_word' id='word_1_167' title='bbox 965 3192 1045 3257; x_wconf 93' lang='lat' dir='ltr'>nihil</span> <span class='ocrx_word' id='word_1_168' title='bbox 1061 3195 1100 3257; x_wconf 86' lang='lat' dir='ltr'>ad</span> <span class='ocrx_word' id='word_1_169' title='bbox 1115 3192 1199 3256; x_wconf 92' lang='lat' dir='ltr'>dior-</span> 
     </span>
     <span class='ocr_line' id='line_1_22' title="bbox 72 3293 1197 3379; baseline 0 -23"><span class='ocrx_word' id='word_1_170' title='bbox 72 3294 182 3359; x_wconf 86' lang='lat' dir='ltr'>thosin</span> <span class='ocrx_word' id='word_1_171' title='bbox 204 3295 333 3361; x_wconf 83' lang='lat' dir='ltr'>Arnobii</span> <span class='ocrx_word' id='word_1_172' title='bbox 356 3295 522 3361; x_wconf 90' lang='lat' dir='ltr'>contulisse</span> <span class='ocrx_word' id='word_1_173' title='bbox 545 3295 706 3376; x_wconf 87' lang='lat' dir='ltr'>uideatur,</span> <span class='ocrx_word' id='word_1_174' title='bbox 736 3297 790 3361; x_wconf 89' lang='lat' dir='ltr'>sed</span> <span class='ocrx_word' id='word_1_175' title='bbox 817 3297 851 3360; x_wconf 93' lang='lat' dir='ltr'>in</span> <span class='ocrx_word' id='word_1_176' title='bbox 873 3298 983 3361; x_wconf 89' lang='lat' dir='ltr'>eadem</span> <span class='ocrx_word' id='word_1_177' title='bbox 1004 3293 1197 3379; x_wconf 82' lang='lat' dir='ltr'>praefatione</span> 
     </span>
     <span class='ocr_line' id='line_1_23' title="bbox 74 3396 1199 3480; baseline 0 -19"><span class='ocrx_word' id='word_1_178' title='bbox 74 3396 302 3480; x_wconf 81' lang='lat' dir='ltr'>Hieronymum</span> <span class='ocrx_word' id='word_1_179' title='bbox 329 3398 506 3464; x_wconf 82' lang='lat' dir='ltr'>Ferrarium</span> <span class='ocrx_word' id='word_1_180' title='bbox 537 3402 568 3464; x_wconf 92' lang='lat' dir='ltr'>et</span> <span class='ocrx_word' id='word_1_181' title='bbox 596 3398 801 3465; x_wconf 80' lang='lat' dir='ltr'>Franciscum</span> <span class='ocrx_word' id='word_1_182' title='bbox 827 3399 1092 3479; x_wconf 88' lang='lat' dir='ltr'>Priscianensem,</span> <span class='ocrx_word' id='word_1_183' title='bbox 1122 3415 1199 3480; x_wconf 89' lang='lat' dir='ltr'>quos</span> 
     </span>
     <span class='ocr_line' id='line_1_24' title="bbox 82 3500 1198 3587; baseline 0 -25"><span class='ocrx_word' id='word_1_184' title='bbox 82 3501 162 3566; x_wconf 87' lang='lat' dir='ltr'>uiros</span> <span class='ocrx_word' id='word_1_185' title='bbox 179 3501 372 3567; x_wconf 88' lang='lat' dir='ltr'>doctissimos</span> <span class='ocrx_word' id='word_1_186' title='bbox 389 3506 421 3567; x_wconf 89' lang='lat' dir='ltr'>et</span> <span class='ocrx_word' id='word_1_187' title='bbox 436 3500 554 3587; x_wconf 83' lang='lat' dir='ltr'>ingenii</span> <span class='ocrx_word' id='word_1_188' title='bbox 569 3505 600 3567; x_wconf 87' lang='lat' dir='ltr'>et</span> <span class='ocrx_word' id='word_1_189' title='bbox 615 3502 724 3568; x_wconf 91' lang='lat' dir='ltr'>iudicii</span> <span class='ocrx_word' id='word_1_190' title='bbox 738 3502 996 3586; x_wconf 89' lang='lat' dir='ltr'>perspicacissimi</span> <span class='ocrx_word' id='word_1_191' title='bbox 1019 3502 1104 3582; x_wconf 89' lang='lat' dir='ltr'>dicit,</span> <span class='ocrx_word' id='word_1_192' title='bbox 1127 3503 1198 3584; x_wconf 89' lang='lat' dir='ltr'>post</span> 
     </span>
     <span class='ocr_line' id='line_1_25' title="bbox 79 3603 1196 3687; baseline 0.001 -21"><span class='ocrx_word' id='word_1_193' title='bbox 79 3603 154 3667; x_wconf 87' lang='lat' dir='ltr'>alios</span> <span class='ocrx_word' id='word_1_194' title='bbox 184 3604 298 3668; x_wconf 91' lang='lat' dir='ltr'>amicos</span> <span class='ocrx_word' id='word_1_195' title='bbox 327 3605 360 3669; x_wconf 93' lang='lat' dir='ltr'>in</span> <span class='ocrx_word' id='word_1_196' title='bbox 388 3624 423 3670; x_wconf 94' lang='lat' dir='ltr'>eo</span> <span class='ocrx_word' id='word_1_197' title='bbox 452 3623 542 3687; x_wconf 89' lang='lat' dir='ltr'>opere</span> <span class='ocrx_word' id='word_1_198' title='bbox 568 3604 719 3670; x_wconf 86' lang='lat' dir='ltr'>tardiores</span> <span class='ocrx_word' id='word_1_199' title='bbox 747 3606 932 3672; x_wconf 87' lang='lat' dir='ltr'>emendandi</span> <span class='ocrx_word' id='word_1_200' title='bbox 955 3609 987 3670; x_wconf 89' lang='lat' dir='ltr'>et</span> <span class='ocrx_word' id='word_1_201' title='bbox 1008 3603 1196 3687; x_wconf 90' lang='lat' dir='ltr'>inprimendi</span> 
     </span>
     <span class='ocr_line' id='line_1_26' title="bbox 82 3704 1199 3791; baseline 0.003 -23"><span class='ocrx_word' id='word_1_202' title='bbox 82 3704 251 3772; x_wconf 82' lang='lat' dir='ltr'>Arnobium</span> <span class='ocrx_word' id='word_1_203' title='bbox 272 3707 466 3788; x_wconf 88' lang='lat' dir='ltr'>prouinciam</span> <span class='ocrx_word' id='word_1_204' title='bbox 490 3710 662 3791; x_wconf 90' lang='lat' dir='ltr'>suscepisse</span> <span class='ocrx_word' id='word_1_205' title='bbox 684 3711 830 3773; x_wconf 87' lang='lat' dir='ltr'>testetur.</span> <span class='ocrx_word' id='word_1_206' title='bbox 853 3708 953 3773; x_wconf 88' lang='lat' dir='ltr'>Roma</span> <span class='ocrx_word' id='word_1_207' title='bbox 969 3709 1061 3772; x_wconf 82' lang='lat' dir='ltr'>codex</span> <span class='ocrx_word' id='word_1_208' title='bbox 1075 3709 1108 3771; x_wconf 92' lang='grc'>11</span> <span class='ocrx_word' id='word_1_209' title='bbox 1123 3706 1199 3774; x_wconf 77' lang='grc'><strong>(11]-</strong></span> 
     </span>
     <span class='ocr_line' id='line_1_27' title="bbox 82 3808 1273 3895; baseline 0 -22"><span class='ocrx_word' id='word_1_210' title='bbox 82 3808 152 3875; x_wconf 90' lang='lat' dir='ltr'>liam</span> <span class='ocrx_word' id='word_1_211' title='bbox 180 3813 349 3876; x_wconf 88' lang='lat' dir='ltr'>translatus</span> <span class='ocrx_word' id='word_1_212' title='bbox 380 3811 438 3890; x_wconf 86' lang='lat' dir='ltr'>est,</span> <span class='ocrx_word' id='word_1_213' title='bbox 468 3831 530 3878; x_wconf 94' lang='lat' dir='ltr'>una</span> <span class='ocrx_word' id='word_1_214' title='bbox 558 3830 628 3877; x_wconf 92' lang='lat' dir='ltr'>cum</span> <span class='ocrx_word' id='word_1_215' title='bbox 651 3811 791 3878; x_wconf 83' lang='lat' dir='ltr'>Arnobio</span> <span class='ocrx_word' id='word_1_216' title='bbox 820 3813 903 3894; x_wconf 88' lang='lat' dir='ltr'>typis</span> <span class='ocrx_word' id='word_1_217' title='bbox 928 3829 1082 3893; x_wconf 82' lang='lat' dir='ltr'>expresso,</span> <span class='ocrx_word' id='word_1_218' title='bbox 1107 3828 1200 3892; x_wconf 89' lang='lat' dir='ltr'>quam</span> <span class='ocrx_word' id='word_1_219' title='bbox 1235 3854 1273 3895; x_wconf 80' lang='lat'>.·</span> 
     </span>
     <span class='ocr_line' id='line_1_28' title="bbox 85 3911 1200 4003; baseline 0.002 -27"><span class='ocrx_word' id='word_1_220' title='bbox 85 3911 215 3979; x_wconf 86' lang='lat' dir='ltr'>Sabaeus</span> <span class='ocrx_word' id='word_1_221' title='bbox 237 3914 403 3980; x_wconf 83' lang='lat' dir='ltr'>Francisco</span> <span class='ocrx_word' id='word_1_222' title='bbox 419 3914 520 3998; x_wconf 90' lang='lat' dir='ltr'>primo</span> <span class='ocrx_word' id='word_1_223' title='bbox 536 3916 701 4000; x_wconf 88' lang='lat' dir='ltr'>dedicauit,</span> <span class='ocrx_word' id='word_1_224' title='bbox 724 3916 827 4003; x_wconf 83' lang='lat' dir='ltr'>eidem</span> <span class='ocrx_word' id='word_1_225' title='bbox 841 3916 916 3998; x_wconf 86' lang='lat' dir='ltr'>regi,</span> <span class='ocrx_word' id='word_1_226' title='bbox 933 3917 968 3979; x_wconf 90' lang='lat' dir='ltr'>ut</span> <span class='ocrx_word' id='word_1_227' title='bbox 984 3913 1200 3978; x_wconf 90' lang='lat' dir='ltr'>coniciendum</span> 
     </span>
     <span class='ocr_line' id='line_1_29' title="bbox 84 4016 1200 4096; baseline 0.001 -17"><span class='ocrx_word' id='word_1_228' title='bbox 84 4033 141 4081; x_wconf 90' lang='lat' dir='ltr'>osse</span> <span class='ocrx_word' id='word_1_229' title='bbox 165 4017 299 4096; x_wconf 91' lang='lat' dir='ltr'>uidetur,</span> <span class='ocrx_word' id='word_1_230' title='bbox 322 4020 399 4084; x_wconf 93' lang='lat' dir='ltr'>dono</span> <span class='ocrx_word' id='word_1_231' title='bbox 415 4020 517 4083; x_wconf 88' lang='lat' dir='ltr'>datus.</span> <span class='ocrx_word' id='word_1_232' title='bbox 541 4018 654 4084; x_wconf 90' lang='lat' dir='ltr'>saltem</span> <span class='ocrx_word' id='word_1_233' title='bbox 675 4018 804 4084; x_wconf 88' lang='lat' dir='ltr'>Hemici</span> <span class='ocrx_word' id='word_1_234' title='bbox 827 4018 955 4083; x_wconf 89' lang='lat' dir='ltr'>secundi</span> <span class='ocrx_word' id='word_1_235' title='bbox 978 4019 1079 4082; x_wconf 86' lang='lat' dir='ltr'>aetate</span> <span class='ocrx_word' id='word_1_236' title='bbox 1099 4019 1131 4082; x_wconf 93' lang='grc'>11</span> <span class='ocrx_word' id='word_1_237' title='bbox 1152 4016 1200 4082; x_wconf 92' lang='lat' dir='ltr'>bi-</span> 
     </span>
     <span class='ocr_line' id='line_1_30' title="bbox 84 4116 1197 4205; baseline 0.002 -23"><span class='ocrx_word' id='word_1_238' title='bbox 84 4116 238 4184; x_wconf 89' lang='lat' dir='ltr'>bliothcca</span> <span class='ocrx_word' id='word_1_239' title='bbox 264 4120 351 4203; x_wconf 87' lang='lat' dir='ltr'>regia</span> <span class='ocrx_word' id='word_1_240' title='bbox 377 4121 452 4200; x_wconf 89' lang='lat' dir='ltr'>fuit,</span> <span class='ocrx_word' id='word_1_241' title='bbox 482 4125 519 4186; x_wconf 89' lang='lat' dir='ltr'>ut</span> <span class='ocrx_word' id='word_1_242' title='bbox 548 4124 731 4205; x_wconf 79' lang='lat' dir='ltr'>tegumenta</span> <span class='ocrx_word' id='word_1_243' title='bbox 753 4122 818 4186; x_wconf 88' lang='lat' dir='ltr'>aius</span> <span class='ocrx_word' id='word_1_244' title='bbox 842 4122 1022 4186; x_wconf 90' lang='lat' dir='ltr'>etiamnunc</span> <span class='ocrx_word' id='word_1_245' title='bbox 1043 4121 1197 4185; x_wconf 89' lang='lat' dir='ltr'>indicant:</span> 
     </span>
     <span class='ocr_line' id='line_1_31' title="bbox 10 4220 1200 4307; baseline -0.001 -20"><span class='ocrx_word' id='word_1_246' title='bbox 10 4220 12 4225; x_wconf 82' lang='grc'><strong>’</strong></span> <span class='ocrx_word' id='word_1_247' title='bbox 81 4240 184 4287; x_wconf 86' lang='lat' dir='ltr'>rursus</span> <span class='ocrx_word' id='word_1_248' title='bbox 207 4240 287 4288; x_wconf 91' lang='lat' dir='ltr'>anno</span> <span class='ocrx_word' id='word_1_249' title='bbox 312 4224 404 4303; x_wconf 81' lang='lat'>1583,</span> <span class='ocrx_word' id='word_1_250' title='bbox 428 4243 488 4306; x_wconf 91' lang='lat' dir='ltr'>quo</span> <span class='ocrx_word' id='word_1_251' title='bbox 509 4223 615 4293; x_wconf 80' lang='lat' dir='ltr'>Fuluii</span> <span class='ocrx_word' id='word_1_252' title='bbox 637 4223 742 4289; x_wconf 86' lang='lat' dir='ltr'>Vrsini</span> <span class='ocrx_word' id='word_1_253' title='bbox 764 4223 857 4289; x_wconf 87' lang='lat' dir='ltr'>editio</span> <span class='ocrx_word' id='word_1_254' title='bbox 880 4223 998 4290; x_wconf 89' lang='lat' dir='ltr'>Romae</span> <span class='ocrx_word' id='word_1_255' title='bbox 1021 4224 1144 4307; x_wconf 91' lang='lat' dir='ltr'>prodiit,</span> <span class='ocrx_word' id='word_1_256' title='bbox 1167 4223 1200 4287; x_wconf 91' lang='lat' dir='ltr'>in</span> 
     </span>
     <span class='ocr_line' id='line_1_32' title="bbox 81 4323 1201 4410; baseline 0.003 -22"><span class='ocrx_word' id='word_1_257' title='bbox 81 4323 136 4389; x_wconf 90' lang='lat' dir='ltr'>hac</span> <span class='ocrx_word' id='word_1_258' title='bbox 164 4325 241 4390; x_wconf 89' lang='lat' dir='ltr'>urbo</span> <span class='ocrx_word' id='word_1_259' title='bbox 270 4325 408 4391; x_wconf 90' lang='lat' dir='ltr'>codicem</span> <span class='ocrx_word' id='word_1_260' title='bbox 434 4326 566 4393; x_wconf 84' lang='lat' dir='ltr'>Arnobii</span> <span class='ocrx_word' id='word_1_261' title='bbox 595 4325 691 4393; x_wconf 86' lang='lat' dir='ltr'>fuisse</span> <span class='ocrx_word' id='word_1_262' title='bbox 720 4328 857 4406; x_wconf 89' lang='lat' dir='ltr'>nullum,</span> <span class='ocrx_word' id='word_1_263' title='bbox 886 4346 965 4410; x_wconf 86' lang='lat' dir='ltr'>quae</span> <span class='ocrx_word' id='word_1_264' title='bbox 992 4329 1030 4393; x_wconf 88' lang='lat' dir='ltr'>de</span> <span class='ocrx_word' id='word_1_265' title='bbox 1052 4326 1201 4392; x_wconf 88' lang='lat' dir='ltr'>subsidiis</span> 
     </span>
    </p>
   </div>
   <div class='ocr_carea' id='block_1_4' title="bbox 0 0 1390 4808">
    <p class='ocr_par' dir='ltr' id='par_1_4' title="bbox 0 0 1390 4808">
     <span class='ocr_line' id='line_1_33' title="bbox 0 0 1390 4808; baseline 0 0"><span class='ocrx_word' id='word_1_266' title='bbox 0 0 1390 4808; x_wconf 95' lang='lat' dir='ltr'> </span> 
     </span>
    </p>
   </div>
  </div>
 </body>
</html>
