<?xml version="1.0" encoding="UTF-8"?>
<!DOCTYPE html PUBLIC "-//W3C//DTD XHTML 1.0 Transitional//EN"
    "http://www.w3.org/TR/xhtml1/DTD/xhtml1-transitional.dtd">
<html xmlns="http://www.w3.org/1999/xhtml" xml:lang="en" lang="en">
 <head>
  <title>
</title>
<meta http-equiv="Content-Type" content="text/html;charset=utf-8" />
  <meta name='ocr-system' content='tesseract 3.04.00' />
  <meta name='ocr-capabilities' content='ocr_page ocr_carea ocr_par ocr_line ocrx_word'/>
</head>
<body>
  <div class='ocr_page' id='page_1' title='image "arnobiiadversvs00reifgoog_0048.png"; bbox 0 0 2760 4808; ppageno 0'>
   <div class='ocr_carea' id='block_1_1' title="bbox 545 382 1172 454">
    <p class='ocr_par' dir='ltr' id='par_1_1' title="bbox 545 382 1172 454">
     <span class='ocr_line' id='line_1_1' title="bbox 545 382 1172 454; baseline 0.003 -17"><span class='ocrx_word' id='word_1_1' title='bbox 545 382 654 439; x_wconf 85' lang='lat' dir='ltr'><strong>Libsr</strong></span> <span class='ocrx_word' id='word_1_2' title='bbox 671 383 693 438; x_wconf 90' lang='lat'><strong>1.</strong></span> <span class='ocrx_word' id='word_1_3' title='bbox 1130 387 1172 454; x_wconf 81' lang='lat'><strong>23</strong></span> 
     </span>
    </p>
   </div>
   <div class='ocr_carea' id='block_1_2' title="bbox 18 573 1226 2423">
    <p class='ocr_par' dir='ltr' id='par_1_2' title="bbox 66 573 1176 760">
     <span class='ocr_line' id='line_1_2' title="bbox 67 573 1176 661; baseline -0.002 -17"><span class='ocrx_word' id='word_1_4' title='bbox 67 577 279 646; x_wconf 85' lang='lat' dir='ltr'><strong>infestissimos</strong></span> <span class='ocrx_word' id='word_1_5' title='bbox 300 576 410 641; x_wconf 76' lang='lat' dir='ltr'><strong>nobis?</strong></span> <span class='ocrx_word' id='word_1_6' title='bbox 432 575 546 642; x_wconf 80' lang='lat' dir='ltr'><strong>etenim</strong></span> <span class='ocrx_word' id='word_1_7' title='bbox 572 575 599 641; x_wconf 90' lang='lat' dir='ltr'><strong>si</strong></span> <span class='ocrx_word' id='word_1_8' title='bbox 621 595 683 642; x_wconf 89' lang='lat' dir='ltr'><strong>una</strong></span> <span class='ocrx_word' id='word_1_9' title='bbox 715 573 822 661; x_wconf 86' lang='lat' dir='ltr'><strong>religio</strong></span> <span class='ocrx_word' id='word_1_10' title='bbox 852 579 898 643; x_wconf 91' lang='lat' dir='ltr'><strong>est</strong></span> <span class='ocrx_word' id='word_1_11' title='bbox 919 575 1006 643; x_wconf 89' lang='lat' dir='ltr'><strong>nobis</strong></span> <span class='ocrx_word' id='word_1_12' title='bbox 1029 576 1176 660; x_wconf 90' lang='lat' dir='ltr'><strong>uobisque</strong></span> 
     </span>
     <span class='ocr_line' id='line_1_3' title="bbox 66 679 1174 760; baseline -0.002 -11"><span class='ocrx_word' id='word_1_13' title='bbox 66 682 243 759; x_wconf 88' lang='lat' dir='ltr'><strong>communis,</strong></span> <span class='ocrx_word' id='word_1_14' title='bbox 267 683 363 746; x_wconf 87' lang='lat' dir='ltr'><strong>cessat</strong></span> <span class='ocrx_word' id='word_1_15' title='bbox 385 680 431 746; x_wconf 88' lang='lat' dir='ltr'><strong>ira</strong></span> <span class='ocrx_word' id='word_1_16' title='bbox 454 679 645 746; x_wconf 85' lang='lat' dir='ltr'><strong>caelestium:</strong></span> <span class='ocrx_word' id='word_1_17' title='bbox 674 681 721 745; x_wconf 92' lang='lat' dir='ltr'><strong>sin</strong></span> <span class='ocrx_word' id='word_1_18' title='bbox 750 679 838 745; x_wconf 88' lang='lat' dir='ltr'><strong>nobis</strong></span> <span class='ocrx_word' id='word_1_19' title='bbox 865 679 970 747; x_wconf 89' lang='lat' dir='ltr'><strong>infesti</strong></span> <span class='ocrx_word' id='word_1_20' title='bbox 998 681 1071 745; x_wconf 89' lang='lat' dir='ltr'><strong>sunt</strong></span> <span class='ocrx_word' id='word_1_21' title='bbox 1092 679 1174 760; x_wconf 80' lang='lat' dir='ltr'><strong>solis,</strong></span> 
     </span>
    </p>

    <p class='ocr_par' dir='ltr' id='par_1_3' title="bbox 37 783 1174 874">
     <span class='ocr_line' id='line_1_4' title="bbox 37 783 1174 874; baseline -0.002 -23"><span class='ocrx_word' id='word_1_22' title='bbox 37 864 40 874; x_wconf 89' lang='lat'><em>.</em></span> <span class='ocrx_word' id='word_1_23' title='bbox 64 786 259 851; x_wconf 84' lang='lat' dir='ltr'><strong>manifestum</strong></span> <span class='ocrx_word' id='word_1_24' title='bbox 282 785 328 848; x_wconf 89' lang='lat' dir='ltr'><strong>est</strong></span> <span class='ocrx_word' id='word_1_25' title='bbox 349 783 465 849; x_wconf 90' lang='lat' dir='ltr'><strong>nescire</strong></span> <span class='ocrx_word' id='word_1_26' title='bbox 486 784 517 848; x_wconf 92' lang='lat' dir='ltr'><strong>et</strong></span> <span class='ocrx_word' id='word_1_27' title='bbox 531 800 586 848; x_wconf 93' lang='lat' dir='ltr'><strong>uos</strong></span> <span class='ocrx_word' id='word_1_28' title='bbox 608 784 640 848; x_wconf 87' lang='lat' dir='ltr'><strong>et</strong></span> <span class='ocrx_word' id='word_1_29' title='bbox 660 783 733 848; x_wconf 90' lang='lat' dir='ltr'><strong>illos</strong></span> <span class='ocrx_word' id='word_1_30' title='bbox 747 783 848 862; x_wconf 86' lang='lat' dir='ltr'><strong>deum,</strong></span> <span class='ocrx_word' id='word_1_31' title='bbox 871 803 963 866; x_wconf 90' lang='lat' dir='ltr'><strong>quom</strong></span> <span class='ocrx_word' id='word_1_32' title='bbox 984 785 1091 850; x_wconf 92' lang='lat' dir='ltr'><strong>Iouem</strong></span> <span class='ocrx_word' id='word_1_33' title='bbox 1113 802 1174 850; x_wconf 92' lang='lat' dir='ltr'><strong>non</strong></span> 
     </span>
    </p>

    <p class='ocr_par' dir='ltr' id='par_1_4' title="bbox 63 886 1226 972">
     <span class='ocr_line' id='line_1_5' title="bbox 63 886 1226 972; baseline -0.004 -17"><span class='ocrx_word' id='word_1_34' title='bbox 63 908 126 956; x_wconf 88' lang='lat' dir='ltr'><strong>osse</strong></span> <span class='ocrx_word' id='word_1_35' title='bbox 149 889 225 971; x_wconf 91' lang='lat' dir='ltr'><strong>ipsis</strong></span> <span class='ocrx_word' id='word_1_36' title='bbox 248 887 365 953; x_wconf 89' lang='lat' dir='ltr'><strong>clarum</strong></span> <span class='ocrx_word' id='word_1_37' title='bbox 388 888 436 953; x_wconf 88' lang='lat' dir='ltr'><strong>est</strong></span> <span class='ocrx_word' id='word_1_38' title='bbox 457 886 723 972; x_wconf 79' lang='lat' dir='ltr'><strong>indignationibus</strong></span> <span class='ocrx_word' id='word_1_39' title='bbox 744 888 914 953; x_wconf 90' lang='lat' dir='ltr'><strong>numinum.</strong></span> <span class='ocrx_word' id='word_1_40' title='bbox 952 887 1101 970; x_wconf 88' lang='lat' dir='ltr'><strong>sednon,</strong></span> <span class='ocrx_word' id='word_1_41' title='bbox 1124 889 1172 953; x_wconf 92' lang='lat' dir='ltr'><strong>in-</strong></span> <span class='ocrx_word' id='word_1_42' title='bbox 1185 887 1226 951; x_wconf 74' lang='grc'><strong>11</strong></span> 
     </span>
    </p>

    <p class='ocr_par' dir='ltr' id='par_1_5' title="bbox 18 989 1178 2423">
     <span class='ocr_line' id='line_1_6' title="bbox 43 989 1176 1076; baseline -0.002 -16"><span class='ocrx_word' id='word_1_43' title='bbox 43 993 140 1076; x_wconf 75' lang='lat' dir='ltr'><strong>aquit,</strong></span> <span class='ocrx_word' id='word_1_44' title='bbox 164 991 276 1057; x_wconf 89' lang='lat' dir='ltr'><strong>idcirco</strong></span> <span class='ocrx_word' id='word_1_45' title='bbox 299 990 343 1055; x_wconf 93' lang='lat' dir='ltr'><strong>dii</strong></span> <span class='ocrx_word' id='word_1_46' title='bbox 366 990 452 1057; x_wconf 90' lang='lat' dir='ltr'><strong>uobis</strong></span> <span class='ocrx_word' id='word_1_47' title='bbox 476 989 581 1056; x_wconf 86' lang='lat' dir='ltr'><strong>infesti</strong></span> <span class='ocrx_word' id='word_1_48' title='bbox 603 990 684 1070; x_wconf 78' lang='lat' dir='ltr'><strong>sunt,</strong></span> <span class='ocrx_word' id='word_1_49' title='bbox 707 990 786 1073; x_wconf 90' lang='lat' dir='ltr'><strong>quod</strong></span> <span class='ocrx_word' id='word_1_50' title='bbox 807 991 1046 1074; x_wconf 91' lang='lat' dir='ltr'><strong>omnipotentem</strong></span> <span class='ocrx_word' id='word_1_51' title='bbox 1068 992 1176 1058; x_wconf 87' lang='lat' dir='ltr'><strong>colotis</strong></span> 
     </span>
     <span class='ocr_line' id='line_1_7' title="bbox 60 1093 1178 1178; baseline -0.001 -17"><span class='ocrx_word' id='word_1_52' title='bbox 60 1096 163 1174; x_wconf 86' lang='lat' dir='ltr'><strong>deum,</strong></span> <span class='ocrx_word' id='word_1_53' title='bbox 186 1095 239 1159; x_wconf 93' lang='lat' dir='ltr'><strong>sed</strong></span> <span class='ocrx_word' id='word_1_54' title='bbox 260 1093 340 1176; x_wconf 91' lang='lat' dir='ltr'><strong>quod</strong></span> <span class='ocrx_word' id='word_1_55' title='bbox 364 1093 518 1159; x_wconf 89' lang='lat' dir='ltr'><strong>bominem</strong></span> <span class='ocrx_word' id='word_1_56' title='bbox 540 1094 649 1159; x_wconf 87' lang='lat' dir='ltr'><strong>netum</strong></span> <span class='ocrx_word' id='word_1_57' title='bbox 670 1095 710 1173; x_wconf 86' lang='lat' dir='ltr'><strong>et,</strong></span> <span class='ocrx_word' id='word_1_58' title='bbox 732 1094 813 1177; x_wconf 90' lang='lat' dir='ltr'><strong>quod</strong></span> <span class='ocrx_word' id='word_1_59' title='bbox 834 1094 972 1178; x_wconf 92' lang='lat' dir='ltr'><strong>personis</strong></span> <span class='ocrx_word' id='word_1_60' title='bbox 993 1095 1109 1160; x_wconf 81' lang='lat' dir='ltr'><strong>infame</strong></span> <span class='ocrx_word' id='word_1_61' title='bbox 1131 1097 1178 1162; x_wconf 88' lang='lat' dir='ltr'><strong>est</strong></span> 
     </span>
     <span class='ocr_line' id='line_1_8' title="bbox 60 1196 1176 1282; baseline 0.001 -18"><span class='ocrx_word' id='word_1_62' title='bbox 60 1199 186 1278; x_wconf 85' lang='lat' dir='ltr'><strong>uilibus,</strong></span> <span class='ocrx_word' id='word_1_63' title='bbox 210 1197 309 1263; x_wconf 90' lang='lat' dir='ltr'><strong>crucis</strong></span> <span class='ocrx_word' id='word_1_64' title='bbox 331 1197 482 1282; x_wconf 88' lang='lat' dir='ltr'><strong>supplicio</strong></span> <span class='ocrx_word' id='word_1_65' title='bbox 503 1197 724 1281; x_wconf 90' lang='lat' dir='ltr'><strong>interemptum</strong></span> <span class='ocrx_word' id='word_1_66' title='bbox 755 1198 786 1262; x_wconf 92' lang='lat' dir='ltr'><strong>et</strong></span> <span class='ocrx_word' id='word_1_67' title='bbox 807 1197 900 1263; x_wconf 88' lang='lat' dir='ltr'><strong>deum</strong></span> <span class='ocrx_word' id='word_1_68' title='bbox 929 1196 1024 1264; x_wconf 85' lang='lat' dir='ltr'><strong>fuisse</strong></span> <span class='ocrx_word' id='word_1_69' title='bbox 1053 1200 1176 1266; x_wconf 87' lang='lat' dir='ltr'><strong>conten-</strong></span> 
     </span>
     <span class='ocr_line' id='line_1_9' title="bbox 60 1300 1177 1386; baseline 0.002 -18"><span class='ocrx_word' id='word_1_70' title='bbox 60 1302 136 1368; x_wconf 87' lang='lat' dir='ltr'><strong>ditis</strong></span> <span class='ocrx_word' id='word_1_71' title='bbox 159 1302 191 1367; x_wconf 89' lang='lat' dir='ltr'><strong>et</strong></span> <span class='ocrx_word' id='word_1_72' title='bbox 212 1318 368 1384; x_wconf 79' lang='lat' dir='ltr'><strong>superesse</strong></span> <span class='ocrx_word' id='word_1_73' title='bbox 390 1301 489 1366; x_wconf 90' lang='lat' dir='ltr'><strong>adhuc</strong></span> <span class='ocrx_word' id='word_1_74' title='bbox 511 1301 636 1366; x_wconf 88' lang='lat' dir='ltr'><strong>creditis</strong></span> <span class='ocrx_word' id='word_1_75' title='bbox 660 1303 691 1366; x_wconf 87' lang='lat' dir='ltr'><strong>et</strong></span> <span class='ocrx_word' id='word_1_76' title='bbox 718 1300 880 1367; x_wconf 78' lang='lat' dir='ltr'><strong>cotidianis</strong></span> <span class='ocrx_word' id='word_1_77' title='bbox 903 1301 1177 1386; x_wconf 80' lang='lat' dir='ltr'><strong>supplicationibus</strong></span> 
     </span>
     <span class='ocr_line' id='line_1_10' title="bbox 60 1404 1176 1490; baseline 0.003 -20"><span class='ocrx_word' id='word_1_78' title='bbox 60 1404 204 1470; x_wconf 88' lang='lat' dir='ltr'><strong>adoratis.</strong></span> <span class='ocrx_word' id='word_1_79' title='bbox 228 1405 255 1470; x_wconf 91' lang='lat' dir='ltr'><strong>si</strong></span> <span class='ocrx_word' id='word_1_80' title='bbox 276 1404 364 1470; x_wconf 90' lang='lat' dir='ltr'><strong>uobis</strong></span> <span class='ocrx_word' id='word_1_81' title='bbox 390 1405 557 1471; x_wconf 90' lang='lat' dir='ltr'><strong>iucundum</strong></span> <span class='ocrx_word' id='word_1_82' title='bbox 587 1406 651 1484; x_wconf 85' lang='lat' dir='ltr'><strong>est,</strong></span> <span class='ocrx_word' id='word_1_83' title='bbox 685 1405 792 1483; x_wconf 87' lang='lat' dir='ltr'><strong>amici,</strong></span> <span class='ocrx_word' id='word_1_84' title='bbox 827 1404 1020 1490; x_wconf 87' lang='lat' dir='ltr'><strong>edissertate,</strong></span> <span class='ocrx_word' id='word_1_85' title='bbox 1050 1407 1176 1490; x_wconf 88' lang='lat' dir='ltr'><strong>quinam</strong></span> 
     </span>
     <span class='ocr_line' id='line_1_11' title="bbox 18 1507 1177 1592; baseline 0.004 -21"><span class='ocrx_word' id='word_1_86' title='bbox 18 1531 47 1571; x_wconf 86' lang='grc' dir='ltr'><strong>ιο</strong></span> <span class='ocrx_word' id='word_1_87' title='bbox 59 1509 126 1574; x_wconf 92' lang='lat' dir='ltr'><strong>sint</strong></span> <span class='ocrx_word' id='word_1_88' title='bbox 139 1508 173 1574; x_wconf 90' lang='lat' dir='ltr'><strong>bi</strong></span> <span class='ocrx_word' id='word_1_89' title='bbox 188 1507 242 1587; x_wconf 92' lang='lat' dir='ltr'><strong>dii,</strong></span> <span class='ocrx_word' id='word_1_90' title='bbox 266 1509 319 1592; x_wconf 91' lang='lat' dir='ltr'><strong>qui</strong></span> <span class='ocrx_word' id='word_1_91' title='bbox 334 1528 352 1575; x_wconf 91' lang='lat' dir='ltr'><strong>a</strong></span> <span class='ocrx_word' id='word_1_92' title='bbox 367 1509 454 1575; x_wconf 92' lang='lat' dir='ltr'><strong>nobis</strong></span> <span class='ocrx_word' id='word_1_93' title='bbox 470 1507 628 1575; x_wconf 78' lang='lat' dir='ltr'><strong>Christum</strong></span> <span class='ocrx_word' id='word_1_94' title='bbox 650 1509 708 1574; x_wconf 91' lang='lat' dir='ltr'><strong>ooli</strong></span> <span class='ocrx_word' id='word_1_95' title='bbox 730 1528 817 1574; x_wconf 89' lang='lat' dir='ltr'><strong>suam</strong></span> <span class='ocrx_word' id='word_1_96' title='bbox 832 1508 956 1575; x_wconf 88' lang='lat' dir='ltr'><strong>credant</strong></span> <span class='ocrx_word' id='word_1_97' title='bbox 977 1511 1016 1576; x_wconf 93' lang='lat' dir='ltr'><strong>ad</strong></span> <span class='ocrx_word' id='word_1_98' title='bbox 1030 1510 1177 1576; x_wconf 87' lang='lat' dir='ltr'><strong>iniuriam</strong></span> 
     </span>
     <span class='ocr_line' id='line_1_12' title="bbox 59 1612 1177 1696; baseline 0.006 -21"><span class='ocrx_word' id='word_1_99' title='bbox 59 1612 220 1696; x_wconf 83' lang='lat' dir='ltr'><strong>pertinere.</strong></span> <span class='ocrx_word' id='word_1_100' title='bbox 260 1612 353 1679; x_wconf 91' lang='lat' dir='ltr'><strong>Ianus</strong></span> <span class='ocrx_word' id='word_1_101' title='bbox 385 1613 517 1678; x_wconf 83' lang='lat' dir='ltr'><strong>Ianiculi</strong></span> <span class='ocrx_word' id='word_1_102' title='bbox 551 1612 688 1678; x_wconf 90' lang='lat' dir='ltr'><strong>conditor</strong></span> <span class='ocrx_word' id='word_1_103' title='bbox 721 1613 752 1677; x_wconf 87' lang='lat' dir='ltr'><strong>et</strong></span> <span class='ocrx_word' id='word_1_104' title='bbox 780 1613 919 1679; x_wconf 88' lang='lat' dir='ltr'><strong>ciuitatis</strong></span> <span class='ocrx_word' id='word_1_105' title='bbox 940 1613 1100 1680; x_wconf 82' lang='lat' dir='ltr'><strong>Saturniae</strong></span> <span class='ocrx_word' id='word_1_106' title='bbox 1122 1615 1177 1682; x_wconf 86' lang='lat' dir='ltr'><strong>Sa-</strong></span> 
     </span>
     <span class='ocr_line' id='line_1_13' title="bbox 60 1717 1177 1800; baseline 0.001 -18"><span class='ocrx_word' id='word_1_107' title='bbox 60 1718 170 1782; x_wconf 90' lang='lat' dir='ltr'><strong>turnus</strong></span> <span class='ocrx_word' id='word_1_108' title='bbox 192 1718 320 1783; x_wconf 75' lang='lat' dir='ltr'><strong>auctor?</strong></span> <span class='ocrx_word' id='word_1_109' title='bbox 342 1717 437 1782; x_wconf 82' lang='lat' dir='ltr'><strong>Fonte</strong></span> <span class='ocrx_word' id='word_1_110' title='bbox 458 1717 574 1797; x_wconf 82' lang='lat' dir='ltr'><strong>Fatua,</strong></span> <span class='ocrx_word' id='word_1_111' title='bbox 596 1717 694 1782; x_wconf 79' lang='lat' dir='ltr'><strong>Fauni</strong></span> <span class='ocrx_word' id='word_1_112' title='bbox 710 1732 793 1797; x_wconf 84' lang='lat' dir='ltr'><strong>uror,</strong></span> <span class='ocrx_word' id='word_1_113' title='bbox 815 1717 902 1782; x_wconf 91' lang='lat' dir='ltr'><strong>Bona</strong></span> <span class='ocrx_word' id='word_1_114' title='bbox 923 1718 989 1783; x_wconf 91' lang='lat' dir='ltr'><strong>Dea</strong></span> <span class='ocrx_word' id='word_1_115' title='bbox 1003 1736 1081 1800; x_wconf 88' lang='lat' dir='ltr'><strong>quae</strong></span> <span class='ocrx_word' id='word_1_116' title='bbox 1102 1719 1177 1785; x_wconf 93' lang='lat' dir='ltr'><strong>dici-</strong></span> 
     </span>
     <span class='ocr_line' id='line_1_14' title="bbox 60 1819 1176 1906; baseline 0.003 -21"><span class='ocrx_word' id='word_1_117' title='bbox 60 1822 115 1885; x_wconf 85' lang='lat' dir='ltr'><strong>tur</strong></span> <span class='ocrx_word' id='word_1_118' title='bbox 136 1821 242 1886; x_wconf 91' lang='lat' dir='ltr'><strong>sedin</strong></span> <span class='ocrx_word' id='word_1_119' title='bbox 263 1821 330 1885; x_wconf 94' lang='lat' dir='ltr'><strong>uini</strong></span> <span class='ocrx_word' id='word_1_120' title='bbox 351 1821 460 1885; x_wconf 92' lang='lat' dir='ltr'><strong>melior</strong></span> <span class='ocrx_word' id='word_1_121' title='bbox 490 1822 520 1885; x_wconf 85' lang='lat' dir='ltr'><strong>ei</strong></span> <span class='ocrx_word' id='word_1_122' title='bbox 542 1819 726 1886; x_wconf 84' lang='lat' dir='ltr'><strong>laudabilior</strong></span> <span class='ocrx_word' id='word_1_123' title='bbox 746 1821 844 1901; x_wconf 77' lang='lat' dir='ltr'><strong>potu?</strong></span> <span class='ocrx_word' id='word_1_124' title='bbox 872 1820 1030 1906; x_wconf 83' lang='lat' dir='ltr'><strong>Indigetes</strong></span> <span class='ocrx_word' id='word_1_125' title='bbox 1051 1821 1101 1887; x_wconf 94' lang='lat' dir='ltr'><strong>illi</strong></span> <span class='ocrx_word' id='word_1_126' title='bbox 1123 1826 1176 1906; x_wconf 88' lang='lat' dir='ltr'><strong>qui</strong></span> 
     </span>
     <span class='ocr_line' id='line_1_15' title="bbox 60 1910 1177 2009; baseline 0.003 -21"><span class='ocrx_word' id='word_1_127' title='bbox 60 1923 220 1988; x_wconf 85' lang='lat' dir='ltr'><strong>indumen</strong></span> <span class='ocrx_word' id='word_1_128' title='bbox 241 1924 352 2005; x_wconf 91' lang='lat' dir='ltr'><strong>repunt</strong></span> <span class='ocrx_word' id='word_1_129' title='bbox 367 1925 399 1989; x_wconf 89' lang='lat' dir='ltr'><strong>et</strong></span> <span class='ocrx_word' id='word_1_130' title='bbox 420 1924 452 1988; x_wconf 92' lang='lat' dir='ltr'><strong>in</strong></span> <span class='ocrx_word' id='word_1_131' title='bbox 467 1923 563 1989; x_wconf 90' lang='lat' dir='ltr'><strong>alueis</strong></span> <span class='ocrx_word' id='word_1_132' title='bbox 578 1922 704 1988; x_wconf 85' lang='lat' dir='ltr'><strong>Numici</strong></span> <span class='ocrx_word' id='word_1_133' title='bbox 720 1910 789 1988; x_wconf 92' lang='lat' dir='ltr'><strong>cum</strong></span> <span class='ocrx_word' id='word_1_134' title='bbox 804 1923 887 1990; x_wconf 90' lang='lat' dir='ltr'><strong>ranis</strong></span> <span class='ocrx_word' id='word_1_135' title='bbox 909 1924 941 1990; x_wconf 91' lang='lat' dir='ltr'><strong>et</strong></span> <span class='ocrx_word' id='word_1_136' title='bbox 954 1924 1110 2009; x_wconf 87' lang='lat' dir='ltr'><strong>pisciculis</strong></span> <span class='ocrx_word' id='word_1_137' title='bbox 1126 1927 1177 1991; x_wconf 89' lang='lat' dir='ltr'><strong>de-</strong></span> 
     </span>
     <span class='ocr_line' id='line_1_16' title="bbox 18 2025 1177 2114; baseline -0.003 -19"><span class='ocrx_word' id='word_1_138' title='bbox 18 2054 48 2095; x_wconf 79' lang='grc'><strong>11</strong></span> <span class='ocrx_word' id='word_1_139' title='bbox 61 2029 164 2114; x_wconf 77' lang='lat' dir='ltr'><strong>gunt?</strong></span> <span class='ocrx_word' id='word_1_140' title='bbox 186 2027 386 2110; x_wconf 88' lang='lat' dir='ltr'><strong>Aesculapius</strong></span> <span class='ocrx_word' id='word_1_141' title='bbox 408 2027 439 2092; x_wconf 88' lang='lat' dir='ltr'><strong>st</strong></span> <span class='ocrx_word' id='word_1_142' title='bbox 459 2028 552 2093; x_wconf 86' lang='lat' dir='ltr'><strong>Liber</strong></span> <span class='ocrx_word' id='word_1_143' title='bbox 577 2028 679 2110; x_wconf 86' lang='lat' dir='ltr'><strong>pater,</strong></span> <span class='ocrx_word' id='word_1_144' title='bbox 713 2025 860 2093; x_wconf 75' lang='lat' dir='ltr'><strong>Coronide</strong></span> <span class='ocrx_word' id='word_1_145' title='bbox 886 2027 942 2093; x_wconf 87' lang='lat' dir='ltr'><strong>ille</strong></span> <span class='ocrx_word' id='word_1_146' title='bbox 964 2031 1056 2095; x_wconf 92' lang='lat' dir='ltr'><strong>natus</strong></span> <span class='ocrx_word' id='word_1_147' title='bbox 1088 2030 1120 2093; x_wconf 88' lang='lat' dir='ltr'><strong>ct</strong></span> <span class='ocrx_word' id='word_1_148' title='bbox 1142 2048 1177 2093; x_wconf 85' lang='lat' dir='ltr'><strong>ex</strong></span> 
     </span>
     <span class='ocr_line' id='line_1_17' title="bbox 59 2130 1178 2218; baseline -0.001 -21"><span class='ocrx_word' id='word_1_149' title='bbox 59 2132 247 2218; x_wconf 86' lang='lat' dir='ltr'><strong>genitalibus</strong></span> <span class='ocrx_word' id='word_1_150' title='bbox 268 2132 378 2197; x_wconf 88' lang='lat' dir='ltr'><strong>matris</strong></span> <span class='ocrx_word' id='word_1_151' title='bbox 400 2131 479 2196; x_wconf 89' lang='lat' dir='ltr'><strong>alter</strong></span> <span class='ocrx_word' id='word_1_152' title='bbox 493 2130 623 2196; x_wconf 89' lang='lat' dir='ltr'><strong>fulmine</strong></span> <span class='ocrx_word' id='word_1_153' title='bbox 637 2130 878 2214; x_wconf 77' lang='lat' dir='ltr'><strong>praecipitatus?</strong></span> <span class='ocrx_word' id='word_1_154' title='bbox 899 2131 1069 2198; x_wconf 88' lang='lat' dir='ltr'><strong>Mercurius</strong></span> <span class='ocrx_word' id='word_1_155' title='bbox 1091 2134 1178 2198; x_wconf 88' lang='lat' dir='ltr'><strong>utero</strong></span> 
     </span>
     <span class='ocr_line' id='line_1_18' title="bbox 59 2233 1176 2318; baseline 0.001 -18"><span class='ocrx_word' id='word_1_156' title='bbox 59 2235 149 2301; x_wconf 88' lang='lat' dir='ltr'><strong>fusus</strong></span> <span class='ocrx_word' id='word_1_157' title='bbox 169 2235 269 2301; x_wconf 84' lang='lat' dir='ltr'><strong>Maiae</strong></span> <span class='ocrx_word' id='word_1_158' title='bbox 291 2235 336 2315; x_wconf 85' lang='lat' dir='ltr'><strong>et,</strong></span> <span class='ocrx_word' id='word_1_159' title='bbox 370 2236 451 2318; x_wconf 87' lang='lat' dir='ltr'><strong>quod</strong></span> <span class='ocrx_word' id='word_1_160' title='bbox 484 2236 532 2301; x_wconf 87' lang='lat' dir='ltr'><strong>est</strong></span> <span class='ocrx_word' id='word_1_161' title='bbox 564 2235 713 2314; x_wconf 71' lang='lat' dir='ltr'><strong>diuinitus,</strong></span> <span class='ocrx_word' id='word_1_162' title='bbox 748 2233 916 2300; x_wconf 81' lang='lat' dir='ltr'><strong>candidae?</strong></span> <span class='ocrx_word' id='word_1_163' title='bbox 949 2235 1176 2318; x_wconf 87' lang='lat' dir='ltr'><strong>arquitenentes</strong></span> 
     </span>
     <span class='ocr_line' id='line_1_19' title="bbox 60 2338 1174 2423; baseline 0 -18"><span class='ocrx_word' id='word_1_164' title='bbox 60 2340 161 2406; x_wconf 89' lang='lat' dir='ltr'><strong>Diana</strong></span> <span class='ocrx_word' id='word_1_165' title='bbox 183 2339 213 2404; x_wconf 90' lang='lat' dir='ltr'><strong>et</strong></span> <span class='ocrx_word' id='word_1_166' title='bbox 236 2339 356 2422; x_wconf 85' lang='lat' dir='ltr'><strong>Apollo,</strong></span> <span class='ocrx_word' id='word_1_167' title='bbox 380 2338 553 2404; x_wconf 88' lang='lat' dir='ltr'><strong>circumlati</strong></span> <span class='ocrx_word' id='word_1_168' title='bbox 574 2357 627 2421; x_wconf 90' lang='lat' dir='ltr'><strong>per</strong></span> <span class='ocrx_word' id='word_1_169' title='bbox 649 2338 737 2423; x_wconf 86' lang='lat' dir='ltr'><strong>fugas</strong></span> <span class='ocrx_word' id='word_1_170' title='bbox 759 2338 868 2403; x_wconf 84' lang='lat' dir='ltr'><strong>matris</strong></span> <span class='ocrx_word' id='word_1_171' title='bbox 897 2339 989 2421; x_wconf 89' lang='lat' dir='ltr'><strong>atque</strong></span> <span class='ocrx_word' id='word_1_172' title='bbox 1010 2338 1042 2403; x_wconf 93' lang='lat' dir='ltr'><strong>in</strong></span> <span class='ocrx_word' id='word_1_173' title='bbox 1063 2339 1174 2405; x_wconf 92' lang='lat' dir='ltr'><strong>insulis</strong></span> 
     </span>
    </p>
   </div>
   <div class='ocr_carea' id='block_1_3' title="bbox 21 2440 1248 3148">
    <p class='ocr_par' dir='ltr' id='par_1_6' title="bbox 21 2440 1248 3148">
     <span class='ocr_line' id='line_1_20' title="bbox 60 2440 1248 2527; baseline -0.001 -18"><span class='ocrx_word' id='word_1_174' title='bbox 60 2443 233 2509; x_wconf 90' lang='lat' dir='ltr'><strong>errantibus</strong></span> <span class='ocrx_word' id='word_1_175' title='bbox 255 2443 413 2507; x_wconf 76' lang='lat' dir='ltr'><strong>uirtuti?</strong></span> <span class='ocrx_word' id='word_1_176' title='bbox 439 2441 569 2507; x_wconf 87' lang='lat' dir='ltr'><strong>Dioneia</strong></span> <span class='ocrx_word' id='word_1_177' title='bbox 593 2441 696 2508; x_wconf 91' lang='lat' dir='ltr'><strong>Venus</strong></span> <span class='ocrx_word' id='word_1_178' title='bbox 724 2440 839 2525; x_wconf 84' lang='lat' dir='ltr'><strong>proles,</strong></span> <span class='ocrx_word' id='word_1_179' title='bbox 866 2441 871 2527; x_wconf 89' lang='grc' dir='ltr'>Ι</span> <span class='ocrx_word' id='word_1_180' title='bbox 896 2442 958 2507; x_wconf 91' lang='lat' dir='ltr'><strong>uiri</strong></span> <span class='ocrx_word' id='word_1_181' title='bbox 983 2443 1195 2509; x_wconf 87' lang='lat' dir='ltr'><strong>materfami-f.</strong></span> <span class='ocrx_word' id='word_1_182' title='bbox 1216 2455 1248 2508; x_wconf 86' lang='lat'><strong>13</strong></span> 
     </span>
     <span class='ocr_line' id='line_1_21' title="bbox 21 2544 1177 2628; baseline 0.005 -18"><span class='ocrx_word' id='word_1_183' title='bbox 21 2547 119 2612; x_wconf 68' lang='lat' dir='ltr'><strong>colias</strong></span> <span class='ocrx_word' id='word_1_184' title='bbox 147 2545 247 2611; x_wconf 81' lang='lat' dir='ltr'><strong>Troici</strong></span> <span class='ocrx_word' id='word_1_185' title='bbox 275 2546 367 2628; x_wconf 89' lang='lat' dir='ltr'><strong>atque</strong></span> <span class='ocrx_word' id='word_1_186' title='bbox 393 2545 532 2612; x_wconf 80' lang='lat' dir='ltr'><strong>intestini</strong></span> <span class='ocrx_word' id='word_1_187' title='bbox 560 2545 675 2611; x_wconf 84' lang='lat' dir='ltr'><strong>decoris</strong></span> <span class='ocrx_word' id='word_1_188' title='bbox 704 2544 909 2627; x_wconf 77' lang='lat' dir='ltr'><strong>publicatrix?</strong></span> <span class='ocrx_word' id='word_1_189' title='bbox 943 2546 976 2611; x_wconf 94' lang='lat' dir='ltr'><strong>in</strong></span> <span class='ocrx_word' id='word_1_190' title='bbox 1003 2545 1177 2616; x_wconf 79' lang='lat' dir='ltr'><strong>Trinacriae</strong></span> 
     </span>
     <span class='ocr_line' id='line_1_22' title="bbox 58 2647 1175 2735; baseline 0.004 -20"><span class='ocrx_word' id='word_1_191' title='bbox 58 2649 173 2715; x_wconf 88' lang='lat' dir='ltr'><strong>finibus</strong></span> <span class='ocrx_word' id='word_1_192' title='bbox 197 2647 286 2715; x_wconf 78' lang='lat' dir='ltr'><strong>Ceres</strong></span> <span class='ocrx_word' id='word_1_193' title='bbox 308 2650 379 2714; x_wconf 88' lang='lat' dir='ltr'><strong>nata</strong></span> <span class='ocrx_word' id='word_1_194' title='bbox 400 2651 492 2732; x_wconf 85' lang='lat' dir='ltr'><strong>atque</strong></span> <span class='ocrx_word' id='word_1_195' title='bbox 512 2650 545 2714; x_wconf 94' lang='lat' dir='ltr'><strong>in</strong></span> <span class='ocrx_word' id='word_1_196' title='bbox 566 2648 693 2715; x_wconf 88' lang='lat' dir='ltr'><strong>floribus</strong></span> <span class='ocrx_word' id='word_1_197' title='bbox 719 2649 858 2735; x_wconf 86' lang='lat' dir='ltr'><strong>legendis</strong></span> <span class='ocrx_word' id='word_1_198' title='bbox 887 2651 1032 2733; x_wconf 91' lang='lat' dir='ltr'><strong>occupata</strong></span> <span class='ocrx_word' id='word_1_199' title='bbox 1052 2653 1175 2720; x_wconf 88' lang='lat' dir='ltr'><strong>Proser·</strong></span> 
     </span>
     <span class='ocr_line' id='line_1_23' title="bbox 59 2752 1176 2838; baseline 0.004 -20"><span class='ocrx_word' id='word_1_200' title='bbox 59 2754 156 2836; x_wconf 77' lang='lat' dir='ltr'><strong>pina?</strong></span> <span class='ocrx_word' id='word_1_201' title='bbox 179 2753 340 2818; x_wconf 81' lang='lat' dir='ltr'><strong>Thebanus</strong></span> <span class='ocrx_word' id='word_1_202' title='bbox 362 2753 415 2818; x_wconf 87' lang='lat' dir='ltr'><strong>aut</strong></span> <span class='ocrx_word' id='word_1_203' title='bbox 437 2752 548 2836; x_wconf 84' lang='lat' dir='ltr'><strong>Tyrius</strong></span> <span class='ocrx_word' id='word_1_204' title='bbox 570 2753 732 2832; x_wconf 88' lang='lat' dir='ltr'><strong>Hercules,</strong></span> <span class='ocrx_word' id='word_1_205' title='bbox 766 2753 816 2818; x_wconf 87' lang='lat' dir='ltr'><strong>hic</strong></span> <span class='ocrx_word' id='word_1_206' title='bbox 837 2752 871 2818; x_wconf 91' lang='lat' dir='ltr'><strong>in</strong></span> <span class='ocrx_word' id='word_1_207' title='bbox 892 2752 1004 2819; x_wconf 83' lang='lat' dir='ltr'><strong>linibus</strong></span> <span class='ocrx_word' id='word_1_208' title='bbox 1036 2757 1176 2838; x_wconf 86' lang='lat' dir='ltr'><strong>sepultus</strong></span> 
     </span>
     <span class='ocr_line' id='line_1_24' title="bbox 58 2856 1178 2942; baseline 0.002 -19"><span class='ocrx_word' id='word_1_209' title='bbox 58 2857 238 2940; x_wconf 85' lang='lat' dir='ltr'><strong>Hispaniae,</strong></span> <span class='ocrx_word' id='word_1_210' title='bbox 260 2857 393 2922; x_wconf 89' lang='lat' dir='ltr'><strong>fiammis</strong></span> <span class='ocrx_word' id='word_1_211' title='bbox 408 2857 486 2923; x_wconf 89' lang='lat' dir='ltr'><strong>alter</strong></span> <span class='ocrx_word' id='word_1_212' title='bbox 502 2858 710 2923; x_wconf 88' lang='lat' dir='ltr'><strong>concrematus</strong></span> <span class='ocrx_word' id='word_1_213' title='bbox 725 2856 868 2924; x_wconf 78' lang='lat' dir='ltr'><strong>Oetaeis?</strong></span> <span class='ocrx_word' id='word_1_214' title='bbox 889 2857 1081 2942; x_wconf 77' lang='lat' dir='ltr'><strong>Tyndaridae</strong></span> <span class='ocrx_word' id='word_1_215' title='bbox 1102 2857 1178 2926; x_wconf 78' lang='lat' dir='ltr'><strong>Oas-</strong></span> 
     </span>
     <span class='ocr_line' id='line_1_25' title="bbox 57 2960 1176 3045; baseline 0.003 -19"><span class='ocrx_word' id='word_1_216' title='bbox 57 2963 156 3040; x_wconf 77' lang='lat' dir='ltr'><strong>mres,</strong></span> <span class='ocrx_word' id='word_1_217' title='bbox 190 2977 282 3043; x_wconf 89' lang='lat' dir='ltr'><strong>equos</strong></span> <span class='ocrx_word' id='word_1_218' title='bbox 304 2981 383 3027; x_wconf 90' lang='lat' dir='ltr'><strong>unus</strong></span> <span class='ocrx_word' id='word_1_219' title='bbox 406 2961 556 3026; x_wconf 85' lang='lat' dir='ltr'><strong>domitare</strong></span> <span class='ocrx_word' id='word_1_220' title='bbox 578 2963 757 3040; x_wconf 89' lang='lat' dir='ltr'><strong>consuetus,</strong></span> <span class='ocrx_word' id='word_1_221' title='bbox 791 2961 869 3026; x_wconf 86' lang='lat' dir='ltr'><strong>alter</strong></span> <span class='ocrx_word' id='word_1_222' title='bbox 890 2960 1059 3045; x_wconf 88' lang='lat' dir='ltr'><strong>pugillator</strong></span> <span class='ocrx_word' id='word_1_223' title='bbox 1079 2963 1176 3029; x_wconf 91' lang='lat' dir='ltr'><strong>bonus</strong></span> 
     </span>
     <span class='ocr_line' id='line_1_26' title="bbox 26 3063 1179 3148; baseline 0.001 -18"><span class='ocrx_word' id='word_1_224' title='bbox 26 3087 54 3130; x_wconf 79' lang='grc'><strong>11</strong></span> <span class='ocrx_word' id='word_1_225' title='bbox 70 3067 103 3132; x_wconf 86' lang='lat' dir='ltr'><strong>et</strong></span> <span class='ocrx_word' id='word_1_226' title='bbox 125 3065 218 3131; x_wconf 89' lang='lat' dir='ltr'><strong>crudo</strong></span> <span class='ocrx_word' id='word_1_227' title='bbox 245 3064 479 3148; x_wconf 83' lang='lat' dir='ltr'><strong>inexuperabilis</strong></span> <span class='ocrx_word' id='word_1_228' title='bbox 501 3065 626 3131; x_wconf 75' lang='lat' dir='ltr'><strong>caestu?</strong></span> <span class='ocrx_word' id='word_1_229' title='bbox 653 3063 793 3130; x_wconf 88' lang='lat' dir='ltr'><strong>Tisianes</strong></span> <span class='ocrx_word' id='word_1_230' title='bbox 815 3065 846 3130; x_wconf 89' lang='lat' dir='ltr'><strong>ot</strong></span> <span class='ocrx_word' id='word_1_231' title='bbox 866 3063 1002 3130; x_wconf 88' lang='lat' dir='ltr'><strong>Buouros</strong></span> <span class='ocrx_word' id='word_1_232' title='bbox 1023 3065 1125 3131; x_wconf 86' lang='lat' dir='ltr'><strong>Mauri</strong></span> <span class='ocrx_word' id='word_1_233' title='bbox 1147 3069 1179 3131; x_wconf 90' lang='lat' dir='ltr'><strong>st</strong></span> 
     </span>
    </p>
   </div>
   <div class='ocr_carea' id='block_1_4' title="bbox 40 3406 1180 4252">
    <p class='ocr_par' dir='ltr' id='par_1_7' title="bbox 40 3406 1180 4252">
     <span class='ocr_line' id='line_1_27' title="bbox 94 3406 1131 3478; baseline 0.001 -14"><span class='ocrx_word' id='word_1_234' title='bbox 94 3411 161 3478; x_wconf 76' lang='lat' dir='ltr'><strong>lap.</strong></span> <span class='ocrx_word' id='word_1_235' title='bbox 181 3407 322 3477; x_wconf 89' lang='lat' dir='ltr'><strong>uobisque,</strong></span> <span class='ocrx_word' id='word_1_236' title='bbox 342 3406 489 3462; x_wconf 85' lang='lat' dir='ltr'><strong>communia</strong></span> <span class='ocrx_word' id='word_1_237' title='bbox 507 3407 577 3461; x_wconf 89' lang='lat' dir='ltr'><strong>esset</strong></span> <span class='ocrx_word' id='word_1_238' title='bbox 588 3407 731 3463; x_wconf 69' lang='grc'><strong>1111111111</strong></span> <span class='ocrx_word' id='word_1_239' title='bbox 828 3407 928 3461; x_wconf 65' lang='lat' dir='ltr'><strong>dsunt</strong></span> <span class='ocrx_word' id='word_1_240' title='bbox 940 3406 1009 3463; x_wconf 77' lang='lat' dir='ltr'><strong>Sub.-</strong></span> <span class='ocrx_word' id='word_1_241' title='bbox 1028 3409 1084 3465; x_wconf 89' lang='lat' dir='ltr'><strong>sint</strong></span> <span class='ocrx_word' id='word_1_242' title='bbox 1102 3409 1131 3464; x_wconf 89' lang='lat' dir='ltr'><strong><em>P</em></strong></span> 
     </span>
     <span class='ocr_line' id='line_1_28' title="bbox 58 3493 1179 3563; baseline 0.002 -14"><span class='ocrx_word' id='word_1_243' title='bbox 58 3493 234 3550; x_wconf 87' lang='lat' dir='ltr'><strong>4nominum</strong></span> <span class='ocrx_word' id='word_1_244' title='bbox 252 3494 280 3547; x_wconf 91' lang='lat' dir='ltr'><strong><em>P</em></strong></span> <span class='ocrx_word' id='word_1_245' title='bbox 296 3504 388 3548; x_wconf 80' lang='lat' dir='ltr'><strong>corr&#39;</strong></span> <span class='ocrx_word' id='word_1_246' title='bbox 440 3493 534 3563; x_wconf 89' lang='lat' dir='ltr'><strong>inquid</strong></span> <span class='ocrx_word' id='word_1_247' title='bbox 552 3494 580 3547; x_wconf 91' lang='lat' dir='ltr'><strong><em>P</em></strong></span> <span class='ocrx_word' id='word_1_248' title='bbox 598 3509 660 3549; x_wconf 83' lang='lat' dir='ltr'><strong>corr</strong></span> <span class='ocrx_word' id='word_1_249' title='bbox 743 3493 777 3549; x_wconf 93' lang='grc'><strong>10</strong></span> <span class='ocrx_word' id='word_1_250' title='bbox 794 3493 906 3548; x_wconf 86' lang='lat' dir='ltr'><strong>cristam</strong></span> <span class='ocrx_word' id='word_1_251' title='bbox 924 3494 952 3549; x_wconf 92' lang='lat' dir='ltr'><strong><em>P</em></strong></span> <span class='ocrx_word' id='word_1_252' title='bbox 1036 3495 1070 3551; x_wconf 78' lang='lat'><strong>12</strong></span> <span class='ocrx_word' id='word_1_253' title='bbox 1086 3495 1179 3551; x_wconf 83' lang='lat' dir='ltr'><strong>Tanna</strong></span> 
     </span>
     <span class='ocr_line' id='line_1_29' title="bbox 61 3578 1180 3650; baseline 0 -14"><span class='ocrx_word' id='word_1_254' title='bbox 61 3578 217 3636; x_wconf 74' lang='grc'><strong>11111111</strong></span> <span class='ocrx_word' id='word_1_255' title='bbox 234 3596 250 3633; x_wconf 83' lang='lat' dir='ltr'><strong>r</strong></span> <span class='ocrx_word' id='word_1_256' title='bbox 352 3579 385 3633; x_wconf 84' lang='lat'><strong>13</strong></span> <span class='ocrx_word' id='word_1_257' title='bbox 406 3579 471 3632; x_wconf 92' lang='lat' dir='ltr'><strong>uino</strong></span> <span class='ocrx_word' id='word_1_258' title='bbox 494 3579 598 3633; x_wconf 89' lang='lat' dir='ltr'><strong>meliori</strong></span> <span class='ocrx_word' id='word_1_259' title='bbox 622 3582 650 3634; x_wconf 90' lang='lat' dir='ltr'><strong>et</strong></span> <span class='ocrx_word' id='word_1_260' title='bbox 668 3579 839 3635; x_wconf 80' lang='lat' dir='ltr'><strong>laudabiliori</strong></span> <span class='ocrx_word' id='word_1_261' title='bbox 856 3582 922 3650; x_wconf 93' lang='lat' dir='ltr'><strong>potu</strong></span> <span class='ocrx_word' id='word_1_262' title='bbox 939 3580 995 3636; x_wconf 71' lang='lat' dir='ltr'><strong>dab</strong></span> <span class='ocrx_word' id='word_1_263' title='bbox 1108 3582 1180 3636; x_wconf 91' lang='lat' dir='ltr'><strong>indi·</strong></span> 
     </span>
     <span class='ocr_line' id='line_1_30' title="bbox 40 3663 1179 3737; baseline 0.003 -18"><span class='ocrx_word' id='word_1_264' title='bbox 40 3666 134 3736; x_wconf 86' lang='lat' dir='ltr'><strong>·getis</strong></span> <span class='ocrx_word' id='word_1_265' title='bbox 151 3665 178 3718; x_wconf 93' lang='lat' dir='ltr'><strong><em>P</em></strong></span> <span class='ocrx_word' id='word_1_266' title='bbox 278 3666 306 3718; x_wconf 90' lang='lat' dir='ltr'><strong>in</strong></span> <span class='ocrx_word' id='word_1_267' title='bbox 323 3663 380 3719; x_wconf 85' lang='lat' dir='ltr'><strong>add</strong></span> <span class='ocrx_word' id='word_1_268' title='bbox 397 3664 603 3720; x_wconf 76' lang='lat' dir='ltr'><strong>Kluasmarmaa</strong></span> <span class='ocrx_word' id='word_1_269' title='bbox 705 3666 738 3722; x_wconf 83' lang='lat'><strong>15</strong></span> <span class='ocrx_word' id='word_1_270' title='bbox 756 3666 905 3736; x_wconf 87' lang='lat' dir='ltr'><strong>esculapius</strong></span> <span class='ocrx_word' id='word_1_271' title='bbox 923 3667 950 3720; x_wconf 93' lang='lat' dir='ltr'><strong><em>P</em></strong></span> <span class='ocrx_word' id='word_1_272' title='bbox 1052 3666 1085 3721; x_wconf 89' lang='grc'><strong>16</strong></span> <span class='ocrx_word' id='word_1_273' title='bbox 1103 3683 1179 3737; x_wconf 88' lang='lat' dir='ltr'><strong>pras-</strong></span> 
     </span>
     <span class='ocr_line' id='line_1_31' title="bbox 61 3750 1074 3820; baseline 0.001 -14"><span class='ocrx_word' id='word_1_274' title='bbox 61 3751 185 3820; x_wconf 79' lang='lat' dir='ltr'><strong>eip&#39;tatus</strong></span> <span class='ocrx_word' id='word_1_275' title='bbox 203 3751 231 3804; x_wconf 92' lang='lat' dir='ltr'><strong><em>P</em></strong></span> <span class='ocrx_word' id='word_1_276' title='bbox 327 3750 358 3804; x_wconf 83' lang='grc'><strong>17</strong></span> <span class='ocrx_word' id='word_1_277' title='bbox 377 3751 498 3806; x_wconf 88' lang='lat' dir='ltr'><strong>diuiuius</strong></span> <span class='ocrx_word' id='word_1_278' title='bbox 517 3751 585 3808; x_wconf 77' lang='lat' dir='ltr'><strong>Sub:</strong></span> <span class='ocrx_word' id='word_1_279' title='bbox 609 3752 697 3806; x_wconf 89' lang='lat' dir='ltr'><strong>diuini</strong></span> <span class='ocrx_word' id='word_1_280' title='bbox 715 3754 745 3807; x_wconf 89' lang='lat' dir='ltr'><strong>ut</strong></span> <span class='ocrx_word' id='word_1_281' title='bbox 763 3753 791 3806; x_wconf 92' lang='lat' dir='ltr'><strong><em>P</em></strong></span> <span class='ocrx_word' id='word_1_282' title='bbox 892 3751 997 3807; x_wconf 92' lang='lat' dir='ltr'><strong>candidi</strong></span> <span class='ocrx_word' id='word_1_283' title='bbox 1018 3751 1074 3807; x_wconf 78' lang='lat' dir='ltr'><strong>Sub</strong></span> 
     </span>
     <span class='ocr_line' id='line_1_32' title="bbox 60 3832 1175 3908; baseline 0.004 -17"><span class='ocrx_word' id='word_1_284' title='bbox 60 3832 280 3906; x_wconf 58' lang='lat' dir='ltr'><strong>*arquitenentcs</strong></span> <span class='ocrx_word' id='word_1_285' title='bbox 304 3838 331 3891; x_wconf 91' lang='lat' dir='ltr'><strong><em>P</em></strong></span> <span class='ocrx_word' id='word_1_286' title='bbox 432 3840 465 3893; x_wconf 79' lang='lat'><strong>19</strong></span> <span class='ocrx_word' id='word_1_287' title='bbox 492 3839 595 3894; x_wconf 87' lang='lat' dir='ltr'><strong>Dionea</strong></span> <span class='ocrx_word' id='word_1_288' title='bbox 618 3839 742 3907; x_wconf 90' lang='lat' dir='ltr'><strong>(Dioneia</strong></span> <span class='ocrx_word' id='word_1_289' title='bbox 767 3838 854 3908; x_wconf 74' lang='lat' dir='ltr'><strong>sum)</strong></span> <span class='ocrx_word' id='word_1_290' title='bbox 878 3838 967 3893; x_wconf 88' lang='lat' dir='ltr'><strong>Venus</strong></span> <span class='ocrx_word' id='word_1_291' title='bbox 990 3838 1060 3893; x_wconf 74' lang='lat' dir='ltr'><strong>aab:</strong></span> <span class='ocrx_word' id='word_1_292' title='bbox 1087 3839 1175 3896; x_wconf 87' lang='lat' dir='ltr'><strong>ioneia</strong></span> 
     </span>
     <span class='ocr_line' id='line_1_33' title="bbox 61 3923 1130 3996; baseline 0.003 -18"><span class='ocrx_word' id='word_1_293' title='bbox 61 3924 181 3978; x_wconf 81' lang='lat' dir='ltr'><strong>uenasP</strong></span> <span class='ocrx_word' id='word_1_294' title='bbox 266 3923 300 3978; x_wconf 80' lang='lat'><strong>20</strong></span> <span class='ocrx_word' id='word_1_295' title='bbox 316 3923 454 3979; x_wconf 73' lang='lat' dir='ltr'><strong>t‘iuacriae</strong></span> <span class='ocrx_word' id='word_1_296' title='bbox 467 3925 494 3978; x_wconf 97' lang='lat' dir='ltr'><strong><em>P</em></strong></span> <span class='ocrx_word' id='word_1_297' title='bbox 578 3924 711 3980; x_wconf 85' lang='lat' dir='ltr'><strong>dedecoris</strong></span> <span class='ocrx_word' id='word_1_298' title='bbox 724 3924 865 3996; x_wconf 68' lang='grc'><strong>1119111111</strong></span> <span class='ocrx_word' id='word_1_299' title='bbox 950 3924 984 3980; x_wconf 81' lang='grc'><strong>21</strong></span> <span class='ocrx_word' id='word_1_300' title='bbox 1002 3926 1130 3981; x_wconf 90' lang='lat' dir='ltr'><strong>caerssP</strong></span> 
     </span>
     <span class='ocr_line' id='line_1_34' title="bbox 62 4009 1095 4081; baseline 0.001 -18"><span class='ocrx_word' id='word_1_301' title='bbox 62 4009 98 4063; x_wconf 76' lang='lat'><strong>22</strong></span> <span class='ocrx_word' id='word_1_302' title='bbox 114 4010 219 4079; x_wconf 78' lang='lat' dir='ltr'><strong>thynius</strong></span> <span class='ocrx_word' id='word_1_303' title='bbox 235 4010 263 4063; x_wconf 93' lang='lat' dir='ltr'><strong><em>P</em></strong></span> <span class='ocrx_word' id='word_1_304' title='bbox 363 4010 520 4065; x_wconf 89' lang='lat' dir='ltr'><strong>herculisP</strong></span> <span class='ocrx_word' id='word_1_305' title='bbox 625 4010 659 4066; x_wconf 80' lang='grc'><strong>23</strong></span> <span class='ocrx_word' id='word_1_306' title='bbox 676 4011 900 4080; x_wconf 78' lang='lat' dir='ltr'><strong>HispaniaeSab:</strong></span> <span class='ocrx_word' id='word_1_307' title='bbox 918 4010 1055 4081; x_wconf 85' lang='lat' dir='ltr'><strong>inspaniac</strong></span> <span class='ocrx_word' id='word_1_308' title='bbox 1068 4011 1095 4064; x_wconf 94' lang='lat' dir='ltr'><strong><em>P</em></strong></span> 
     </span>
     <span class='ocr_line' id='line_1_35' title="bbox 61 4094 1127 4167; baseline 0.002 -17"><span class='ocrx_word' id='word_1_309' title='bbox 61 4096 163 4150; x_wconf 85' lang='lat' dir='ltr'><strong>oetaeis</strong></span> <span class='ocrx_word' id='word_1_310' title='bbox 180 4094 245 4151; x_wconf 78' lang='lat' dir='ltr'><strong>Gal.-</strong></span> <span class='ocrx_word' id='word_1_311' title='bbox 256 4095 359 4150; x_wconf 88' lang='lat' dir='ltr'><strong>athenis</strong></span> <span class='ocrx_word' id='word_1_312' title='bbox 372 4097 399 4150; x_wconf 91' lang='lat' dir='ltr'><strong><em>P</em></strong></span> <span class='ocrx_word' id='word_1_313' title='bbox 409 4097 511 4153; x_wconf 84' lang='lat' dir='ltr'><strong>actaeis</strong></span> <span class='ocrx_word' id='word_1_314' title='bbox 523 4098 578 4152; x_wconf 77' lang='lat' dir='ltr'><strong>Scb</strong></span> <span class='ocrx_word' id='word_1_315' title='bbox 659 4096 826 4167; x_wconf 83' lang='lat' dir='ltr'><strong>Tyndaridae</strong></span> <span class='ocrx_word' id='word_1_316' title='bbox 843 4096 907 4152; x_wconf 74' lang='lat' dir='ltr'><strong>Gal.-</strong></span> <span class='ocrx_word' id='word_1_317' title='bbox 918 4099 983 4153; x_wconf 85' lang='lat' dir='ltr'><strong>tunc</strong></span> <span class='ocrx_word' id='word_1_318' title='bbox 995 4097 1087 4153; x_wconf 83' lang='lat' dir='ltr'><strong>darida</strong></span> <span class='ocrx_word' id='word_1_319' title='bbox 1099 4099 1127 4152; x_wconf 93' lang='lat' dir='ltr'><strong><em>P</em></strong></span> 
     </span>
     <span class='ocr_line' id='line_1_36' title="bbox 61 4182 1175 4252; baseline 0.004 -17"><span class='ocrx_word' id='word_1_320' title='bbox 61 4184 129 4236; x_wconf 82' lang='lat' dir='ltr'><strong>tunc</strong></span> <span class='ocrx_word' id='word_1_321' title='bbox 146 4182 213 4236; x_wconf 89' lang='lat' dir='ltr'><strong>clari</strong></span> <span class='ocrx_word' id='word_1_322' title='bbox 231 4182 389 4236; x_wconf 87' lang='lat' dir='ltr'><strong>Decastores</strong></span> <span class='ocrx_word' id='word_1_323' title='bbox 407 4183 463 4238; x_wconf 77' lang='lat' dir='ltr'><strong>Sub</strong></span> <span class='ocrx_word' id='word_1_324' title='bbox 487 4184 529 4250; x_wconf 83' lang='grc'><strong>(111</strong></span> <span class='ocrx_word' id='word_1_325' title='bbox 546 4199 591 4238; x_wconf 83' lang='grc'><strong>111</strong></span> <span class='ocrx_word' id='word_1_326' title='bbox 608 4185 674 4238; x_wconf 89' lang='lat' dir='ltr'><strong>tunc</strong></span> <span class='ocrx_word' id='word_1_327' title='bbox 692 4183 757 4238; x_wconf 89' lang='lat' dir='ltr'><strong>clari</strong></span> <span class='ocrx_word' id='word_1_328' title='bbox 774 4182 813 4237; x_wconf 92' lang='lat' dir='ltr'><strong>dii</strong></span> <span class='ocrx_word' id='word_1_329' title='bbox 829 4182 965 4252; x_wconf 74' lang='lat' dir='ltr'><strong>Castores)</strong></span> <span class='ocrx_word' id='word_1_330' title='bbox 1067 4185 1102 4240; x_wconf 78' lang='lat'><strong>25</strong></span> <span class='ocrx_word' id='word_1_331' title='bbox 1119 4201 1175 4240; x_wconf 90' lang='lat' dir='ltr'><strong>ces·</strong></span> 
     </span>
    </p>
   </div>
   <div class='ocr_carea' id='block_1_5' title="bbox 61 4266 1176 4414">
    <p class='ocr_par' dir='ltr' id='par_1_8' title="bbox 61 4266 1176 4414">
     <span class='ocr_line' id='line_1_37' title="bbox 61 4266 1176 4340; baseline 0.004 -19"><span class='ocrx_word' id='word_1_332' title='bbox 61 4269 96 4321; x_wconf 83' lang='lat' dir='ltr'><strong>iu</strong></span> <span class='ocrx_word' id='word_1_333' title='bbox 112 4267 140 4322; x_wconf 93' lang='lat' dir='ltr'><strong><em>P</em></strong></span> <span class='ocrx_word' id='word_1_334' title='bbox 257 4266 448 4324; x_wconf 82' lang='lat' dir='ltr'><strong>Gestatisianss</strong></span> <span class='ocrx_word' id='word_1_335' title='bbox 466 4270 510 4338; x_wconf 81' lang='lat' dir='ltr'><strong>(ia</strong></span> <span class='ocrx_word' id='word_1_336' title='bbox 528 4285 573 4327; x_wconf 84' lang='grc'><strong>111</strong></span> <span class='ocrx_word' id='word_1_337' title='bbox 590 4272 679 4325; x_wconf 87' lang='lat' dir='ltr'><strong>caestu</strong></span> <span class='ocrx_word' id='word_1_338' title='bbox 697 4268 828 4340; x_wconf 88' lang='lat' dir='ltr'><strong>Tisianes)</strong></span> <span class='ocrx_word' id='word_1_339' title='bbox 848 4271 904 4325; x_wconf 78' lang='lat' dir='ltr'><strong>Sub</strong></span> <span class='ocrx_word' id='word_1_340' title='bbox 1020 4270 1130 4327; x_wconf 86' lang='lat' dir='ltr'><strong>Titanes</strong></span> <span class='ocrx_word' id='word_1_341' title='bbox 1148 4273 1176 4326; x_wconf 88' lang='lat' dir='ltr'><strong>ct</strong></span> 
     </span>
     <span class='ocr_line' id='line_1_38' title="bbox 61 4353 306 4414; baseline 0.016 -4"><span class='ocrx_word' id='word_1_342' title='bbox 61 4353 211 4413; x_wconf 79' lang='lat' dir='ltr'><strong>Bocchores</strong></span> <span class='ocrx_word' id='word_1_343' title='bbox 229 4353 306 4414; x_wconf 74' lang='lat' dir='ltr'><strong>Salso</strong></span> 
     </span>
    </p>
   </div>
   <div class='ocr_carea' id='block_1_6' title="bbox 0 0 1384 4808">
    <p class='ocr_par' dir='ltr' id='par_1_9' title="bbox 0 0 1384 4808">
     <span class='ocr_line' id='line_1_39' title="bbox 0 0 1384 4808; baseline 0 1"><span class='ocrx_word' id='word_1_344' title='bbox 0 0 1384 4808; x_wconf 95' lang='lat' dir='ltr'><strong> </strong></span> 
     </span>
    </p>
   </div>
  </div>
 </body>
</html>
