2760 4808
218 322 262 388 54
521 319 662 389 Arnohii
685 319 846 374 aduersus
868 319 1028 373 nationes

219 493 408 568 renoramini
429 495 501 560 deos
524 493 556 558 et
575 491 677 557 colitis
699 509 759 557 non
782 491 937 557 credentes
958 491 1030 557 illos
1052 510 1117 557 esse
1139 494 1171 558 et
1184 493 1339 576 propitias

121 667 126 696 1
188 598 306 662 tauros
321 596 433 664 uestris
448 594 722 678 supplicationibus
737 595 987 660 accommodare?
1009 595 1105 678 quid?
1119 596 1177 661 illa
1190 599 1229 662 de
1243 596 1338 662 rebus

219 699 258 763 ab
278 698 413 765 humana
439 699 611 784 cognitione
639 698 796 781 sepositis,
831 716 907 780 quoe
935 699 1126 792 conscribitis
1147 700 1223 780 ipsi,
1258 718 1337 782 quae

219 802 382 880 lectitatis,
411 804 535 867 oculata
556 801 680 866 uidistis
702 801 890 883 inspectione
913 803 944 866 et
966 801 1110 868 manibus
1132 802 1266 868 tractate
1289 805 1336 868 to·

219 905 352 973 ruistis?
373 924 471 972 nonne
493 910 631 971 uestrum
652 906 836 987 quicumque
858 907 905 970 est
926 906 998 971 huic
1021 908 1069 972 nel
1083 905 1132 971 illi
1148 907 1247 972 credit
1261 925 1366 973 auo-s

218 1009 360 1076 toribus?
391 1026 451 1074 non
473 1009 553 1090 quod
575 1008 634 1072 sihi
656 1008 840 1090 persuaserit
865 1008 935 1090 quis
959 1027 1066 1073 uerum
1088 1008 1150 1074 dici
1173 1008 1213 1073 ab
1236 1009 1334 1075 altero

219 1112 305 1179 uelut
327 1114 460 1194 quadam
482 1112 552 1177 fidei
567 1112 786 1194 astipulatione
802 1115 945 1179 tutatur?
967 1111 1020 1194 qui
1030 1113 1217 1181 cunctarum
1232 1133 1334 1178 rernm

217 1216 368 1299 originem
387 1216 493 1300 ignem
514 1233 579 1281 esse
601 1215 677 1281 dicit
697 1219 752 1280 aut
773 1234 900 1298 aquam,
923 1233 984 1280 non
1007 1215 1128 1281 Thaleti
1151 1217 1206 1282 111
1236 1216 1333 1281 Hera·

218 1317 292 1383 clito
307 1318 425 1384 eredit?
446 1319 499 1400 qni
515 1336 636 1383 causam
658 1317 692 1382 in
707 1318 843 1383 numeris
865 1317 962 1401 ponit,
985 1334 1044 1383 non
1067 1317 1261 1402 Pythagorae
1277 1317 1332 1385 Sa·

217 1420 295 1501 mio,
317 1438 379 1485 non
401 1420 577 1504 Archytae?
609 1420 662 1502 qui
688 1421 824 1486 animem
846 1419 962 1486 diuidit
984 1421 1016 1485 et
1036 1421 1241 1504 incorporales
1264 1441 1356 1493 oon-o

217 1524 321 1590 stituit
343 1524 465 1604 formas,
489 1542 548 1588 non
570 1524 694 1588 Platoni
709 1522 884 1589 Socratico?
906 1524 958 1605 qui
980 1524 1125 1606 quintum
1148 1525 1331 1595 elementum

218 1626 438 1710 principalibus
468 1627 603 1708 adplicet
636 1627 751 1706 causis,
783 1644 843 1691 non
867 1627 1028 1692 Aristoteli
1061 1627 1331 1710 Peripateticorum

217 1730 320 1812 patri?
341 1730 394 1812 qui
416 1730 521 1813 ignem
543 1730 680 1795 minatur
700 1729 829 1814 mundo,
852 1729 1010 1796 aduenerit
1030 1748 1101 1796 oum
1122 1733 1263 1816 tempus,
1286 1749 1331 1797 ar·

219 1853 340 1912 surum,
374 1852 435 1897 non
457 1833 603 1900 Panaetio
626 1832 796 1916 Chrysippo
818 1832 952 1898 Zenoni?
984 1832 1037 1915 qui
1069 1832 1239 1900 indiuiduis
1272 1852 1332 1900 cor·

218 1935 343 2019 poribus
376 1936 506 2002 mundos
538 1955 657 2020 semper
690 1936 858 2002 fabricatur
886 1937 917 2002 et
940 1936 1086 2014 destruit,
1119 1954 1181 2001 non
1202 1937 1331 2020 Epicuro
1339 1967 1358 2006 1

126 2073 129 2080 ·
219 2039 395 2107 Democrito
416 2039 610 2105 Metrodoro?
643 2040 695 2121 qui
728 2038 807 2103 nihil
829 2039 866 2104 eh
899 2039 1022 2104 homine
1049 2038 1265 2121 comprehendi
1293 2040 1333 2104 eit

195 2146 310 2225 ‚atque
343 2143 446 2208 omnis
478 2142 576 2209 caeeis
607 2142 848 2209 obscuritatibus
881 2143 1037 2221 inuoluta,
1072 2158 1132 2206 non
1163 2141 1332 2222 Arcesilae,

220 2244 376 2324 Oameadi,
399 2264 459 2312 non
481 2246 573 2311 alicui
596 2246 751 2330 [deniqne]
767 2246 950 2311 Academiae
966 2246 1077 2311 ueteris
1098 2245 1335 2329 recentiorisque

173 2349 353 2417 locultori?
374 2349 435 2431 ipsi
457 2348 585 2431 denique
607 2350 759 2432 principes
780 2350 812 2414 et
832 2348 1058 2430 praedictarum
1079 2338 1184 2430 patres
1213 2350 1335 2414 senten·

220 2451 345 2529 tiarum,
368 2468 465 2516 nonne
487 2469 523 2519 ea
543 2470 621 2533 quae
635 2452 741 2537 dieunt
756 2453 820 2517 suis
835 2453 952 2518 credita
967 2450 1193 2535 suspicionibus
1208 2451 1365 2519 dicuntia

220 2553 302 2618 uidit
335 2553 417 2618 enim
439 2553 615 2619 Heraclitus
645 2572 699 2618 res·
720 2555 840 2637 ignium
874 2552 1121 2620 conuersionibns
1148 2553 1231 2633 fiori,
1267 2571 1336 2621 con·

220 2656 354 2721 cretione
380 2675 529 2739 aquarum
557 2656 685 2739 Thales,
718 2657 910 2743 Pythagoras
937 2676 1079 2725 numeros
1107 2658 1202 2742 coire,
1237 2659 1337 2725 incor-

137 2769 156 2822 f.
167 2769 213 2822 31b
222 2760 340 2841 porales
360 2756 365 2843 Ι
389 2759 503 2825 formas
519 2759 618 2838 Plato,
642 2759 870 2826 indiuiduorum
887 2762 1081 2827 Democritus
1104 2761 1337 2829 concursiones?

220 2864 275 2927 out
296 2861 354 2940 illi,
378 2863 430 2944 qui
452 2863 613 2928 autumant
635 2863 714 2928 nihil
734 2881 823 2945 posse
848 2864 971 2929 omnino
997 2864 1208 2946 conprehendi,
1233 2884 1274 2930 an
1296 2865 1337 2931 sit

220 2983 329 3035 uorum
350 2965 430 3047 quod
458 2965 566 3035 dicunt
586 2966 703 3044 sciunt,
733 2967 769 3031 ut
790 2966 893 3050 ipsum
920 2968 1000 3049 quod
1023 2967 1173 3033 definiunt
1194 2967 1378 3034 ueritatisee

221 3087 286 3134 esse
307 3068 491 3152 intellegant
512 3070 766 3151 pronuntiatum?
799 3088 869 3134 cum
890 3069 989 3153 igitur
1009 3071 1157 3153 comperti
1179 3069 1261 3136 nihil
1283 3073 1336 3138 ha·

219 3170 319 3272 beatis
353 3174 384 3236 et
419 3172 534 3255 cogniti
567 3172 728 3254 omniaque
755 3173 812 3239 ille
844 3191 920 3255 quae
959 3173 1095 3240 scribitis
1122 3175 1154 3239 et
1186 3174 1338 3242 librorum

255 3477 390 3532 tauctori
409 3477 464 3531 Sub
566 3479 757 3533 'lcunctorum
776 3479 830 3535 Sub
940 3497 1028 3534 rerum
1046 3480 1103 3535 odd
1120 3481 1339 3537 ffiidehrootdius

220 3580 307 3617 rernm
336 3552 490 3618 cunctarum
512 3564 715 3618 Kltussoouoous
862 3567 880 3619 8
905 3565 1035 3634 originem
1057 3568 1148 3635 ignem
1171 3568 1340 3622 Hildehran-
1359 3597 1378 3606 -

221 3651 297 3705 dios:
315 3649 445 3718 originem
459 3651 487 3704 P
585 3650 651 3705 dicit
664 3651 754 3719 ignem
769 3652 821 3706 Sub
924 3652 1128 3707 10orchitaeP
1232 3655 1266 3708 13
1278 3655 1378 3725 ignee

220 3737 338 3790 minatur
350 3736 477 3790 mundum
496 3735 548 3791 Ure
621 3736 759 3790 aduenerit
769 3737 880 3806 scripsi:
898 3741 926 3792 et
938 3738 1041 3793 uenerit
1055 3739 1082 3792 P
1098 3738 1202 3794 1111111
1220 3741 1273 3796 Urs

222 3823 254 3877 14
272 3823 393 3892 crysippo
411 3822 439 3876 P
538 3823 571 3876 15
588 3821 699 3876 mundos
718 3822 786 3876 Sao:
812 3823 918 3878 mundis
937 3825 964 3879 P
1066 3826 1100 3880 16
1116 3828 1156 3880 sit
1172 3826 1275 3882 addidi

221 3909 253 3963 1‘1
266 3908 449 3963 archesilaeP
464 3908 616 3962 Archesilao
630 3906 685 3962 Sub
787 3910 820 3964 18
832 3910 943 3979 deniqne
954 3911 1051 3967 seclusi
1152 3915 1378 3968 recentiorisuu

226 3994 278 4049 Ure
379 3994 411 4049 19
424 3992 534 4061 denique
547 3992 615 4047 Sub:
634 3993 767 4049 deninsP
867 4000 998 4055 sectarum
1016 3998 1068 4053 Urs
1170 3999 1204 4053 20
1222 4000 1295 4069 apud
1312 4017 1378 4054 ern

221 4079 276 4134 Sol>
378 4080 413 4134 ha
429 4095 552 4134 numeros
569 4080 637 4134 coire
659 4080 727 4135 Ure.-
744 4097 850 4136 numero
867 4083 936 4137 scire
954 4084 980 4138 P
1031 4142 1033 4149 ,
1081 4083 1115 4138 25
1132 4100 1170 4153 sq.
1188 4087 1378 4140 aut...lr=

220 4165 349 4234 telligunt
365 4165 420 4220 Sco
524 4165 556 4221 27
575 4166 732 4235 omnisqnse
750 4167 778 4220 P
791 4181 853 4222 corr
1216 4158 1219 4165 ’
