2760 4808
553 354 652 408 Liber
669 353 690 406 I.
1134 353 1174 418 21

62 526 171 591 finitus
202 525 357 610 ingenitus
386 525 559 591 inmortalis
589 525 753 608 perpetuus
776 523 872 600 solus,
896 541 986 604 quem
1016 523 1101 588 nullo
1124 524 1175 588 de·

64 629 154 693 liniat
175 629 274 693 forma
296 629 470 711 corporalis,
491 629 579 693 nulla
599 627 783 693 determinat
799 626 1051 709 circumscriptio,
1075 626 1176 709 quali-

65 733 141 797 tatis
164 749 280 812 expers,
304 749 407 814 expers
430 731 628 812 quantitatis,
660 731 725 812 sine
748 730 811 794 situ
833 733 919 794 motu
941 732 972 795 et
993 731 1116 809 habitu,
1140 731 1176 794 de

65 854 124 916 qno
158 833 237 898 nihil
266 834 327 898 dici
356 835 388 900 et
413 834 541 917 exprimi
574 834 751 900 mortalium
783 832 865 917 potis
888 833 935 897 est
956 833 1177 917 significatione

43 940 238 1016 morborum,
261 937 313 1018 qui
335 939 372 1002 ut
392 937 583 1023 intellegeris
605 939 766 1003 tacendum
789 937 836 1002 est
858 941 948 1019 atque
970 939 1006 1002 ut
1030 957 1085 1020 per
1111 958 1177 1002 um·

65 1042 155 1106 brem
176 1042 208 1105 te
228 1041 325 1124 possit
354 1060 457 1107 emens
487 1041 673 1126 inuestigare
695 1040 842 1122 suspicio,
877 1040 955 1105 nihil
982 1041 1028 1105 est
1054 1042 1176 1106 omnino

64 1142 281 1208 muttiendum.
319 1143 359 1208 da
391 1144 527 1222 ueniam,
554 1164 606 1209 rex
628 1162 764 1224 summe,
791 1145 860 1208 tuos
893 1143 1142 1226 persequentibus
1168 1142 1206 1228 lt
1216 1147 1262 1201 11b

63 1247 212 1330 famulos,
240 1248 270 1311 et
293 1248 372 1328 quod
394 1248 465 1313 tuae
486 1247 685 1331 benignitatis
714 1247 760 1311 est
787 1245 959 1329 proprium,
987 1245 1176 1331 fugientibus
1262 1234 1272 1250 ’

62 1352 186 1434 ignosce
207 1351 255 1415 tui
283 1351 415 1414 nominis
439 1352 470 1415 et
491 1351 648 1435 religionis
676 1350 804 1416 cultum.
842 1369 909 1452 ¹non
931 1351 977 1414 est
998 1351 1127 1427 mirum,
1149 1350 1176 1416 si

26 1454 229 1537 arguereris,
251 1454 375 1518 maioris
398 1455 444 1519 est
466 1453 687 1532 admirationis,
711 1453 738 1518 si
759 1454 880 1533 sciaris,
902 1453 964 1519 nisi
985 1453 1064 1519 forte
1086 1441 1177 1519 audet

62 1543 227 1638 qnisquam
252 1593 288 1604 -
312 1558 369 1621 hoc
397 1556 480 1621 enim
509 1556 639 1622 furiosae
666 1558 763 1622 restet
790 1557 926 1622 insaniae
948 1558 1174 1642 -ambigere,

62 1659 224 1743 dubitare,
246 1679 284 1724 an
307 1659 349 1724 sit
370 1661 429 1724 iste
450 1660 524 1724 dous
552 1679 591 1724 an
617 1677 678 1724 non
700 1660 756 1739 sit,
780 1660 934 1742 explorata
954 1659 1025 1725 fidei
1046 1660 1175 1727 nesure

62 1782 104 1827 an
126 1763 255 1828 rumoris
279 1762 356 1826 cassi
378 1763 552 1846 opinatione
575 1763 616 1827 sit
639 1762 782 1828 creditus.
817 1763 958 1827 audimus
981 1764 1063 1828 enim
1085 1783 1175 1846 quos-

64 1865 137 1930 dam
158 1864 391 1958 philosophandi
413 1865 514 1930 studio
531 1866 650 1929 deditos
664 1865 778 1947 partim
794 1866 893 1930 ullam
905 1885 1017 1950 negare
1032 1867 1097 1932 uim
1112 1886 1177 1933 esse

21 1969 208 2040 „diuinam
224 1970 337 2052 partim
358 1988 397 2033 an
418 1969 460 2033 sit
481 1967 593 2034 cotidie
613 1988 772 2050 quaerero;
803 1969 879 2033 alios
902 1970 1022 2034 casibus
1038 1969 1175 2036 fortuitis

64 2074 97 2136 ot
120 2072 363 2136 concursionibus
385 2071 557 2137 temerariis
586 2091 738 2137 summam
768 2091 871 2137 rerum
893 2074 1065 2138 construere
1087 2076 1185 2156 atquo¹

64 2176 253 2241 diuersitatis
275 2176 394 2259 impetu
415 2174 570 2253 fabricari,
593 2194 663 2240 cum
685 2175 795 2256 quibus
818 2176 874 2238 hoc
895 2176 1032 2256 tempore
1055 2176 1176 2241 nullum

64 2278 152 2343 nobis
174 2280 295 2344 omnino
318 2297 407 2360 super
422 2278 480 2343 tali
496 2278 554 2342 erit
569 2277 772 2343 obstinatione
795 2278 955 2342 certamen.
987 2278 1074 2342 aiunt
1096 2280 1178 2343 onim

64 2401 139 2448 sana
160 2383 325 2448 sentientes
347 2381 551 2446 contradicere
565 2382 654 2446 rebus
669 2381 780 2446 stultis,
791 2380 944 2446 stultitiae
959 2400 1024 2446 esse
1038 2381 1173 2448 maioris.

26 2503 164 2552 sosarmo
185 2504 257 2550 cum
276 2487 325 2551 his
346 2485 434 2550 nobis
457 2487 512 2564 est,
536 2485 589 2567 qui
605 2484 745 2549 diuinum
757 2503 826 2550 asse
842 2483 1064 2550 consentientes
1079 2487 1222 2567 gennesa

63 2591 103 2654 de
123 2589 291 2655 maioribus
306 2589 460 2666 dubitant,
483 2606 553 2652 cnm
575 2587 657 2652 idem
672 2605 736 2653 esse
758 2588 877 2670 plebeia
899 2590 990 2670 atque
1009 2587 1176 2653 humiliora

63 2693 226 2757 fateantur.
268 2692 341 2773 quid
370 2710 456 2775 ergo,
493 2710 541 2756 res
569 2691 672 2755 tantas
701 2691 891 2773 argumentis
921 2692 1054 2756 nitemur
1084 2692 1175 2772 atque

63 2794 288 2860 elaborabimus
309 2794 467 2859 obtinere?
490 2792 627 2859 discedat
648 2793 721 2858 haec
736 2794 828 2878 longe
850 2796 941 2875 atque
964 2793 1084 2859 anobis
1106 2811 1178 2876 pro-

63 2899 124 2982 cul,
146 2897 253 2980 procul
273 2898 408 2980 inquam,
431 2900 467 2962 ut
490 2897 612 2975 dicitur,
636 2900 854 2963 auerruncetur
876 2897 1021 2961 amentia.
1052 2898 1117 2961 tam
1133 2900 1180 2961 est

28 3001 149 3068 sienim
182 3000 389 3084 periculosum
417 3000 607 3084 argumentis
635 3000 761 3083 adgredi
788 3001 880 3064 deum
903 2999 1078 3081 'principem
1107 3016 1179 3062 con·

62 3104 193 3186 probare
222 3123 315 3186 quam
342 3103 461 3168 ratione
487 3102 664 3169 huiusmodi
686 3120 752 3167 esse
773 3102 864 3168 illum
886 3101 967 3166 uelle
990 3118 1177 3184 cognoscere.

63 3207 305 3289 necquicquam
331 3205 425 3271 refert
453 3207 507 3271 aut
534 3193 701 3288 discrepat,
732 3206 875 3269 utrumne
898 3223 991 3288 neges
1019 3204 1110 3269 illum
1139 3223 1179 3268 an

62 3327 182 3375 asseras
203 3310 294 3391 atque
317 3310 445 3375 existere
466 3309 601 3388 fatearis,
626 3327 695 3374 cum
717 3309 750 3373 in
772 3309 878 3373 eadem
901 3309 991 3390 culpa
1013 3308 1055 3373 sit
1070 3311 1101 3373 et
1123 3308 1179 3372 ad-

62 3410 159 3477 sertio
181 3412 255 3477 talis
277 3413 320 3477 rei
342 3415 374 3477 et
395 3412 557 3496 abnegatio
578 3411 755 3476 refutatoris
778 3410 937 3476 increduli.
975 3411 1178 3492 quisquamne
1189 3410 1230 3474 33

20 3541 51 3581 so
63 3515 114 3578 est
135 3515 304 3594 hominum,
326 3515 455 3598 quinon
471 3534 540 3580 cum
555 3513 646 3581 istius
666 3514 815 3597 principis
828 3514 951 3579 notione
965 3513 1046 3580 diem
1061 3515 1178 3597 primae

64 3605 242 3683 natiuitatis
274 3619 458 3684 intrauerit?
495 3619 543 3684 cui
569 3636 630 3684 non
659 3617 701 3682 sit
726 3617 916 3701 ingenitum,
947 3634 1006 3681 non
1034 3616 1178 3699 adfixum,

64 3720 162 3786 immo
176 3721 274 3804 ipsius
300 3719 305 3807 Ι
329 3739 424 3802 paene
440 3720 474 3785 in
488 3720 677 3805 genitalibus
699 3721 808 3785 matris
831 3737 891 3783 non
905 3720 1096 3802 impressum,
1120 3730 1250 3782 nonsra

99 3941 117 3994 3
142 3956 243 4010 expers,
270 3957 358 4009 expers
384 3941 606 3995 Kluoomaaaas:
633 3956 722 4009 expers
746 3940 772 3993 P
907 3940 924 3991 4
947 3939 1034 4006 potest
1058 3937 1113 3991 Sab

67 4028 158 4080 ltu⁰s
176 4027 204 4081 P
339 4029 372 4081 12
388 4038 435 4092 no¹¹
454 4027 481 4081 P
612 4027 644 4079 17
662 4026 790 4094 impetum
811 4026 838 4079 P
967 4025 1070 4079 nullom
1089 4024 1115 4077 P

64 4115 100 4168 22
122 4124 158 4166 res
176 4114 203 4167 P
321 4115 354 4168 23
371 4113 562 4168 clabos-suimus
580 4114 608 4167 P
625 4128 687 4166 corr
805 4111 840 4164 24
860 4112 1064 4164 auerornncetnr
1086 4126 1182 4164 raucae

63 4200 223 4267 unttguca'a
236 4200 263 4253 P
345 4199 411 4268 tam
423 4199 462 4252 ita
476 4199 528 4252 Sab
610 4198 644 4252 32
655 4196 740 4266 ipsius
752 4196 863 4264 scripsi:
880 4195 1048 4264 ipsiPipsis
1065 4195 1114 4250 Gcl

64 4302 164 4355 paenae
183 4287 209 4339 P
